2884 4650
1252 506 1338 570 99

372 671 680 733 Nascenti
720 673 831 732 tibi
854 675 1281 752 contigerunt,
1315 684 1382 734 ut
1416 674 1620 736 celsus
1658 676 1722 737 in
1762 695 1904 738 arce

371 759 629 836 Eloquii
672 758 919 835 linguae
965 779 1254 834 proceres
1298 761 1595 835 fandique
1630 760 1851 837 peritos

371 845 548 902 Infra
586 853 648 901 te
688 844 924 921 positos
966 863 1294 920 premeres.
1338 855 1506 904 trans
1537 845 1729 905 ardua
1772 855 2009 910 vectum

374 929 467 987 Te
516 928 779 991 sublime
825 937 1008 1004 caput
1052 930 1213 1008 vulgi
1255 949 1442 1008 super-
1480 948 1590 988 ora
1636 929 1930 991 ferentem

372 1016 431 1074 A
472 1013 643 1090 vulgi
688 1021 869 1089 captu
906 1013 1125 1073 melior
1170 1025 1386 1077 natura
1422 1014 1696 1074 redemit.

372 1098 661 1158 Flumina
700 1106 763 1156 tu
811 1106 1060 1175 poteras
1104 1108 1371 1162 veterum
1412 1099 1674 1161 facunda
1715 1099 1985 1160 virorum

375 1184 683 1256 Reddere,
731 1183 1036 1245 sermonis
1074 1187 1290 1262 genios
1332 1203 1664 1248 conversus
1709 1185 1772 1242 in
1817 1204 2048 1248 omnes.

377 1268 470 1326 Te
518 1275 784 1327 conante
823 1269 949 1328 oris
991 1269 1150 1331 dites
1198 1270 1508 1332 effundere
1554 1287 1775 1331 census

377 1353 488 1412 Vis
534 1362 641 1410 tua
684 1351 1080 1428 Sisyphiden,
1127 1355 1392 1415 brevitas
1434 1362 1790 1430 superasset
1812 1354 2100 1429 Atriden,

378 1438 647 1498 Mellitus
692 1437 937 1512 Pylium
980 1439 1231 1499 vicisset
1272 1439 1543 1502 Nestora
1585 1457 1799 1498 sermo,

382 1521 503 1583 Sed
547 1531 606 1580 te
653 1530 905 1581 naturae
946 1525 1328 1587 cohibentem
1367 1525 1637 1587 maxima
1677 1524 1861 1595 dona,

378 1607 863 1677 Frenantemque
908 1608 1063 1668 citos
1110 1610 1271 1667 intra
1314 1616 1418 1670 tua
1457 1609 1670 1670 limina
1718 1627 1928 1669 currus

380 1692 640 1774 Regula
661 1693 989 1754 summovit
1029 1694 1277 1772 linguae
1317 1695 1393 1754 de
1434 1695 1712 1771 pluribus
1754 1713 1938 1755 unum

380 1777 449 1835 In
490 1797 709 1855 genus,
750 1780 1076 1854 optandum
1114 1780 1342 1855 multis,
1388 1779 1684 1842 imitabile
1722 1778 1900 1840 nulli:

383 1861 513 1936 Quo
559 1863 691 1934 tibi,
737 1882 862 1922 non
908 1864 1033 1937 alii,
1073 1865 1331 1926 deberes
1376 1883 1523 1925 orsa
1557 1863 1869 1938 loquendi,

382 1947 449 2005 In
492 1967 617 2025 quo
662 1945 921 2010 Nelides
966 1949 1448 2025 Laertiadesque
1490 1965 1740 2011 recessu

384 2029 460 2092 Se
498 2033 697 2098 victos
736 2032 935 2109 longe,
976 2034 1201 2095 victum
1246 2053 1314 2093 se
1365 2033 1550 2097 sciret
1586 2031 1850 2095 Atrides.

384 2117 506 2177 Ore
549 2127 654 2176 tuo
701 2116 988 2192 loqueris,
1032 2119 1186 2180 nulli
1225 2118 1465 2181 sulcata
1508 2117 1769 2194 priorum

382 2205 661 2277 Aequora
703 2203 1074 2278 pervolitans
1117 2205 1293 2280 priva
1332 2211 1465 2265 rate
1507 2203 1763 2268 carbasa
1801 2202 2021 2265 tendis.

381 2286 513 2347 Nec
559 2295 664 2351 tua
703 2294 796 2347 tot
836 2308 1007 2349 raras
1051 2291 1395 2351 habitantes
1436 2295 1692 2365 pectora
1735 2287 1911 2349 dotes

380 2372 582 2434 Unius
627 2373 816 2434 virtus
860 2376 1165 2435 effinxerit
1203 2376 1383 2453 ignea
1417 2374 1660 2444 mentis,

379 2457 513 2516 Nec
562 2477 861 2521 summum
906 2460 1130 2534 eloquii
1174 2459 1518 2521 simulatrix
1558 2458 1769 2535 lingua
1807 2458 2094 2533 colorem,

379 2542 526 2602 Non
572 2544 793 2602 calami
831 2563 1033 2605 mores
1077 2544 1456 2622 expresserit
1499 2543 1739 2606 aemula
1779 2543 2018 2606 dextra.

381 2628 504 2689 Sed
544 2629 887 2705 quicunque
926 2630 1139 2690 volunt
1178 2630 1288 2689 illo
1332 2630 1652 2690 decurrere
1691 2646 1924 2705 campe,

379 2713 501 2771 Per
548 2732 726 2788 quem
774 2714 1049 2774 victrices
1089 2715 1314 2775 flexisti
1354 2714 1519 2776 selus
1560 2714 1852 2785 habenas,

380 2799 749 2858 Verberibus
796 2800 993 2860 surdis
1042 2819 1283 2860 servum
1322 2818 1510 2877 pecus
1557 2818 1703 2860 aera
1734 2800 2012 2873 caedunt,

379 2884 458 2943 Et
499 2885 675 2946 vanis
712 2883 966 2960 impleut
991 2885 1272 2948 Danaeia
1307 2885 1476 2967 delia
1508 2884 1798 2962 lymphis,

379 2969 724 3031 Immeritas
764 2969 932 3028 soliti
972 2970 1149 3048 nugis
1190 2970 1540 3047 disperdere
1579 2971 1842 3042 chartas,

378 3054 586 3132 Ignari
622 3055 941 3129 quaedam,
986 3074 1142 3129 quae
1182 3056 1296 3114 dat·
1324 3064 1541 3118 natura
1584 3055 1870 3125 creatrix,

379 3139 755 3203 Admiranda
795 3140 963 3212 viris,
1010 3141 1119 3200 sed
1161 3161 1279 3200 non
1318 3140 1631 3212 imitanda,
1667 3138 1944 3212 relinqui.

379 3223 693 3283 Hactenus
737 3225 852 3283 hac
894 3232 1142 3302 poteras
1185 3233 1499 3285 contentus
1549 3226 1752 3284 vivere
1797 3221 2003 3280 laude:

380 3308 525 3369 Non
572 3318 772 3367 tamen
816 3310 1125 3388 ingenium
1165 3310 1320 3370 felix
1358 3311 1478 3369 hoc
1520 3312 1639 3370 fine
1683 3306 1928 3384 quievit.

381 3393 514 3452 Nec
552 3395 723 3471 prius
765 3396 1031 3471 imponis
1078 3396 1292 3456 studiis
1342 3404 1681 3468 metamque
1725 3390 2106 3464 medumque,

383 3479 580 3555 Quam
621 3480 843 3539 mentis
874 3480 1090 3558 vigiles
1135 3481 1349 3541 Latiae
1389 3500 1501 3558 per
1541 3488 1741 3552 :apsi-ta
1793 3488 2073 3536 sene-stae

381 3564 680 3624 Immittas
728 3565 958 3637 oculos,
1004 3574 1063 3625 et
1107 3567 1333 3626 scrinia
1373 3564 1677 3642 praepetis
1725 3562 1857 3618 sevi

380 3648 750 3723 Recludens,
795 3650 1031 3711 Romae
1072 3670 1226 3728 quas
1263 3670 1391 3711 nox
1433 3648 1649 3724 premit
1693 3648 1817 3704 alta
1861 3648 2090 3720 ruinas,

382 3733 452 3793 In
497 3734 690 3795 solem
721 3754 1028 3813 exponas,
1069 3744 1129 3798 et
1173 3734 1401 3798 amnti
1441 3736 1605 3792 seria
1645 3752 1841 3792 rerum

1709 3820 1797 3876 *²¹*
