2884 4650
1275 577 1399 637 245

437 739 679 807 Πάντας
719 738 1074 824 φοβεῖσθαι,
1115 745 1293 803 πᾶσιν
1331 740 1398 809 ὃς
1437 741 1725 824 φοβερὸς,
1765 741 1988 825 χρεών.

436 823 707 890 Φειδοῦς
749 824 817 886 τὸ
860 824 1022 885 λιτόν
1075 823 1231 886 ἐστιν
1283 825 1520 892 ἐνδείας
1564 824 1729 892 ἄκος.

426 909 765 991 Ἀρνητιῶν
815 909 1123 992 φειδωλὸς
1168 907 1342 992 εὗρεν
1384 910 1599 971 αἰτίαν.

434 991 711 1075 ῗΑρνεῖθ’
762 991 988 1076 ἑαυτῷ,
1028 992 1384 1077 δυσπόριστ’
1428 993 1809 1075 αἰτούμενος.
1997 1065 2003 1072 ,

416 1074 829 1160 ”Ατοπήματ’·
869 1077 989 1138 αἰεὶ
1039 1076 1260 1159 μεγάλ’
1303 1076 1691 1140 ἀπιστεῖσθαι
1736 1079 1923 1161 φιλεῖ.

438 1159 546 1246 Τῷ
592 1161 887 1244 δυστυχεῖ
926 1162 1240 1243 κράτιστον
1282 1162 1618 1245 ἀπράγμων
1664 1163 1811 1246 βίος.

439 1243 639 1310 Οὐδὲν
680 1244 966 1328 ἀφελοίη,
1009 1245 1166 1328 πλὴν
1218 1245 1366 1329 ὅπερ
1418 1244 1671 1323 ἔδωκεν,
1708 1246 1884 1330 τύχη.

439 1328 567 1393 Τοῦ
610 1334 716 1392 νοῦ
755 1353 790 1390 κ
833 1333 1118 1397 ατοῦντος
1158 1328 1381 1413 ὄμματ’
1428 1330 1549 1414 οὐχ
1595 1330 1950 1415 ἁμαρτάνοι.

437 1412 652 1497 Μηδὲν
697 1412 774 1474 σθ
812 1435 956 1488 νειν,
993 1411 1118 1475 ἔστι
1161 1413 1428 1476 θανόντα
1469 1418 1577 1497 ζῇν
1623 1414 1787 1477 τόδε.

439 1496 572 1563 Οὐκ
614 1497 767 1560 ἰ’διον
813 1499 968 1580 ἡγοῦ
1003 1497 1072 1560 τό
1115 1521 1184 1580 γε
1227 1499 1504 1582 πεφυκὸς
1548 1499 1628 1581 μὴ
1676 1498 1896 1582 μένειν.

438 1579 518 1645 Τί
555 1581 792 1665 αἴσχιον
830 1580 1116 1665 γέροντος
1163 1582 1230 1650 ὃς
1270 1587 1378 1665 ζῇν
1429 1581 1717 1666 ἅρχεται;

432 1664 540 1730 Ἐν
586 1666 953 1750 ἁψιμαχίαις
982 1667 1031 1748 ἡ
1085 1668 1348 1751 ἀκρίβει’
1397 1668 1728 1731 ὀλισθάνει.

440 1749 492 1814 Ω
542 1748 727 1835 ’ρῆγμ’
773 1751 1061 1827 ὕποπτον,
1107 1751 1220 1813 οὐκ
1266 1752 1554 1834 ἐρειπίοις
1597 1752 1797 1815 θάνοι.

441 1831 574 1898 Οὔκ
627 1833 889 1918 εὐτυχὴς
929 1833 1070 1896 ἔσθ’
1122 1836 1282 1903 ὅστις
1321 1836 1441 1920 οὐχ’
1489 1836 1656 1921 αὑτῷ
1694 1838 1881 1899 δοκεῖ.

440 1916 575 1983 Οὐκ
618 1918 876 2000 ἀγαθὸν,
921 1917 1078 1981 εἶναι
1117 1924 1226 1981 τοῦ
1267 1924 1463 1983 κακοῦ
1512 1920 1786 2002 κρείττω,
1824 1923 2019 1983 καλῶ.

434 2000 801 2109 Ἐλάχιστον
851 2002 965 2064 οὐκ
1011 2001 1146 2065 ἔσθ’
1193 2002 1342 2087 ὅπερ
1391 2002 1644 2067 ἔλαττον
1689 2004 1983 2067 ἀπλέτου.

441 2084 574 2151 Οὐκ
617 2110 742 2149 εστι
791 2088 865 2170 δή
919 2109 1046 2162 σον,
1093 2087 1237 2149 ὅσον
1278 2088 1519 2171 ἐποίησ’
1564 2089 1603 2168 ἡ
1638 2086 1814 2193 τύχη.

441 2169 528 2234 Τό
577 2194 673 2233 σοι
715 2172 1190 2251 δυσαγκάλιστον
1243 2172 1455 2240 ἐπίθες
1496 2173 1730 2255 μηδενι.

441 2252 640 2320 Οὐδὲν
683 2254 822 2339 μέγ’
876 2255 1022 2335 ἐστὶ,
1062 2256 1220 2340 πλὴν
1269 2257 1644 2341 ἀμίσθωτον,
1692 2255 1899 2323 κακόν.

442 2337 642 2404 Οὐδὲν
687 2345 942 2403 τοσοῦτο
985 2340 1223 2424 κέρδος,
1265 2345 1350 2410 ὡς
1395 2343 1613 2426 φειδὼ,
1653 2340 1851 2405 πέλοι.

433 2424 806 2493 Ἀκινδύνως
850 2424 962 2487 οὐκ
999 2423 1124 2488 ἔστι
1161 2425 1462 2510 κινδύνου.
1486 2431 1749 2507 κρατεῖν.

443 2507 535 2574 Οὐ
588 2513 716 2577 τοῖς
759 2514 1057 2592 παροῦσιν
1108 2509 1277 2577 ἐλπὶς
1320 2511 1593 2592 ἀρκεῖται
1634 2511 1813 2593 κακή.

444 2591 579 2659 Οὐκ
621 2594 878 2678 ἀτρεμεῖ
912 2593 1060 2657 πόθ’
1107 2596 1146 2677 ἡ
1194 2595 1536 2677 συνείδησις
1571 2594 1751 2676 κακή.

442 2677 828 2762 Πειθαρχίας
865 2680 931 2741 τὸ
973 2681 1159 2746 κῦδος
1206 2679 1441 2741 ἰσοῦται
1482 2680 1706 2762 κράτει.

442 2759 653 2845 Μέρος
691 2765 960 2846 χάριτος,
1007 2765 1273 2826 αἰτοῦσιν
1322 2763 1644 2846 ἀρνεῖσθαι
1680 2764 1855 2848 ταχύ.

441 2845 604 2930 Νικᾷ
651 2847 731 2908 δί’
783 2844 967 2909 αἰῶν>
1011 2848 1050 2930 ὴ
1098 2848 1530 2931 φιλοικτίρμων
1577 2846 1771 2932 φύσις.

441 2927 663 3015 Κίμβιξ
708 2931 932 3015 ἀφῆλιξ
981 2932 1212 3015 μακρὸν
1255 2933 1328 2994 οὐ
1379 2933 1687 3016 βιώσεται.

442 3011 744 3098 Καθαρὰς
781 3016 848 3077 τὸ
895 3016 1067 3078 θεῖον
1113 3020 1346 3101 χεῖρας,
1392 3015 1466 3077 οὖ
1510 3018 1763 3101 πλήρεις
1803 3020 2038 3081 σκοπεῖ.

428 3094 575 3162 ⁰00²
621 3100 746 3162 ἐστὶ
789 3100 1194 3183 μεταμελητέ’
1246 3101 1308 3163 ἐν
1357 3105 1575 3186 μακρῷ
1620 3101 1769 3187 βίῳῐ

438 3181 551 3251 Ὡς
593 3183 790 3246 οἶκτον
832 3185 991 3246 αἰτεῖ
1029 3187 1109 3268 μή
1151 3185 1290 3247 ποτ’
1325 3185 1589 3254 οἰκτίσας
1630 3187 1857 3270 πάροςῖ

447 3263 669 3336 Οὐδεὶς
703 3269 762 3330 τί
801 3268 1058 3332 δύναταί
1089 3269 1152 3350 γ’
1199 3269 1352 3344 οἶδε,
1393 3270 1550 3352 πλὴν
1595 3274 1813 3352 πεῖραν
1866 3271 2107 3354 λαβώνῑ

427 3347 548 3413 Ὧν
593 3353 803 3436 πρᾶξις
849 3352 1096 3438 αἰσχρὰ,
1143 3354 1224 3436 μὴ
1273 3354 1441 3417 δόκει
1487 3351 1624 3418 τάδ’
1666 3354 1958 3458 εὔστομα.

438 3433 550 3504 Ὣς
588 3439 904 3520 προπετὲς,
951 3438 1068 3501 ἀπε
1154 3437 1266 3500 οὐκ
1309 3437 1506 3515 οἶδας,
1553 3439 1792 3502 ἀθετεῖν
1838 3458 2070 3520 ακριτα.

429 3517 514 3584 “O
559 3521 796 3599 ποθεῖς,
839 3520 1008 3606 ἔχοις
1048 3462 1143 3600 ἀρν,
1185 3523 1259 3606 ἢν
1301 3521 1368 3585 τό
1409 3523 1467 3605 γ’
1512 3522 1771 3605 ἀρκέσον
1812 3520 2030 3605 ποθῇς.

438 3603 574 3668 Ἀεὶ
621 3606 923 3692 φοβηθεὶς
965 3607 1231 3690 κρίνεται
1271 3605 1423 3671 καθ’
1472 3607 1730 3691 ἡμέραν.

441 3688 578 3753 Ἀεὶ
615 3692 841 3755 κακίων
886 3692 924 3774 ἡ
972 3690 1234 3754 ἐπιοῦσα
1273 3696 1380 3775 τῆς
1419 3694 1672 3774 προτοῦ.

446 3771 524 3837 Εἰ
566 3773 642 3837 τὰ
683 3776 818 3839 κάκ’
870 3777 1003 3839 ὀνεῖ
1037 3776 1128 3852 σὲ,
1172 3776 1557 3859 πλημμελεῖς
1594 3776 1786 3836 ποιῶν
1835 3775 2014 3839 καλά.
