2884 4650
739 539 887 634 Q..

359 709 439 784 Quid
459 709 539 766 nivei
559 727 672 779 mores,
697 725 851 785 annosque
871 708 1018 768 modestia
1036 725 1170 785 praecox

358 797 438 854 Ante
459 795 578 867 volans,
600 793 674 869 quid
694 795 820 853 serietas
843 794 988 852 maturior
1010 812 1098 865 aevo,

358 882 421 938 Aut
442 879 514 954 quid
532 879 661 956 virginei
682 879 766 938 dotes
787 897 931 954 meruerev
943 878 1088 955 pudoris?

361 964 473 1026 Omnia
495 973 565 1024 sunt
587 964 723 1040 ingrata3
749 981 806 1022 nec
827 963 922 1021 ullum
940 961 1037 1039 gratia
1057 981 1172 1021 morum

359 1050 491 1126 Excipit,
509 1055 562 1106 aut
580 1049 689 1124 pietas.
715 1067 864 1126 praeceps
887 1047 1091 1106 metitomniu
1109 1048 1230 1107 Fatum.

358 1138 402 1195 st
420 1142 451 1192 te
468 1133 599 1203 felicem,
621 1133 701 1207 quod
721 1152 811 1192 casus
830 1133 943 1211 fugeris
966 1151 1084 1204 omnes,

360 1218 449 1293 Quod
470 1238 532 1277 non
553 1218 686 1276 invidiae
706 1219 847 1295 contagia
869 1219 1002 1278 senseris
1022 1216 1095 1290 ulla,

361 1303 452 1380 Quod
475 1321 542 1360 cum
563 1302 698 1360 Fortuna
717 1304 872 1360 minimum
891 1302 1094 1362 contraxeris:
1118 1311 1148 1361 et
1165 1311 1197 1361 te

358 1389 528 1447 Immunem
550 1387 605 1444 fati
626 1388 776 1446 malefidis
799 1389 888 1446 rebus
912 1388 1082 1464 ademptum

361 1471 499 1532 Gonditio
521 1472 630 1530 melior
652 1473 835 1532 caelestibus
860 1473 963 1536 intulit
984 1473 1083 1532 astris.

362 1556 412 1618 Sis
433 1557 517 1628 felix,
541 1557 677 1630 caelique
698 1558 813 1616 micans
836 1557 1001 1634 spectabile
1020 1558 1117 1616 sidus:

359 1640 510 1718 Scaligeri
531 1660 644 1698 memor
667 1651 732 1700 esto
753 1641 797 1699 tui
819 1643 946 1701 senioris
969 1643 1068 1714 amici,

360 1726 496 1785 Dimidia
517 1744 604 1800 quem
628 1734 713 1803 parte
737 1727 784 1786 sui
804 1744 883 1784 nunc
904 1727 1006 1784 vivere
1027 1727 1118 1804 cogis.

361 1897 391 1956 8.
425 1897 598 1972 Epicc'dinm
619 1897 796 1966 nobiliacinti,
814 1897 1045 1964 innocentissimi,
1067 1905 1095 1952 ct
1116 1895 1270 1956 doctissimi

436 2048 444 2062 ·
580 1984 650 2038 Iani
672 1983 791 2039 Doncac
811 1999 830 2037 a
850 1981 1046 2055 Noordwyclc.

361 2064 531 2124 Dousiades
552 2067 661 2125 Musae
684 2066 769 2141 (quid
791 2065 871 2122 enim
891 2064 950 2123 nisi
970 2063 1070 2122 flebile
1088 2066 1219 2142 restati)

403 2150 553 2207 Laetitiae
574 2150 683 2208 vestris
704 2151 815 2208 demite
837 2150 925 2227 signa
946 2149 1047 2208 comis.

360 2235 550 2293 Frondcntes
572 2234 679 2292 ederas
701 2235 781 2293 tristi
802 2243 913 2292 mutate
934 2251 1089 2310 cupressu,

405 2319 537 2379 Tondite
558 2320 680 2379 funesta
699 2328 825 2397 pectora
846 2320 927 2378 nuda
946 2339 1045 2378 manu.

362 2405 483 2476 Omnis,
503 2423 580 2478 quae
600 2405 726 2465 Dousae
749 2405 886 2463 nascenti
907 2404 1062 2482 plauserat
1084 2403 1168 2476 olim,

403 2485 707 2563 Exequies'Dousae
730 2491 817 2548 turba
834 2490 1007 2564 frequenter
1027 2496 1085 2547 eat.

362 2572 502 2651 Lugduni
525 2575 625 2648 sedes,
648 2585 678 2634 et
700 2575 773 2636 culti
793 2594 879 2635 sacra
902 2575 1025 2652 Lycaei,
1138 2574 1269 2655 [locat]

406 2658 447 2715 Et
467 2660 551 2716 varia
570 2661 708 2738 insignes
726 2661 809 2720 urbis
829 2663 867 2719 ab
888 2668 952 2717 arte
971 2659 1038 2730 viri,

363 2743 508 2819 Aspirate
525 2745 602 2803 meis
627 2747 811 2805 accentibus.
830 2745 926 2804 omnis
949 2744 1050 2803 acerbi

405 2827 547 2887 Vulneris
571 2829 712 2907 indignas
735 2831 885 2907 praeferat
906 2848 958 2887 ore
980 2837 1079 2887 notas.

362 2910 507 2971 Publicus
528 2913 664 2973 incessat
684 2915 767 2973 dolor
788 2916 935 2974 omnibus.
962 2912 1071 2972 occidit
1092 2910 1146 2971 ille

405 2997 516 3054 Vester
536 3016 629 3071 amor,
651 3000 745 3066 vestri
766 3018 899 3058 summus
924 2999 1047 3057 honoris
1068 3016 1156 3073 apex.

363 3081 508 3157 Quaeque
526 3082 592 3141 dies
604 3083 751 3155 Donusam,
768 3084 880 3142 mundo
899 3102 1013 3159 quoque
1032 3083 1135 3141 lumen
1149 3080 1268 3158 ademit,

404 3165 556 3225 Noctibus
578 3168 745 3227 innumeris
768 3168 882 3245 nigrius
906 3187 982 3227 ausc
1004 3169 1100 3227 nefas.

363 3252 440 3312 Dira
458 3252 535 3324 dies,
556 3271 618 3310 non
640 3260 671 3310 te
689 3252 785 3311 nitido
807 3253 951 3329 produxit
976 3253 1107 3330 Olympo

405 3336 502 3395 Vecta
520 3338 662 3415 pruinoso
682 3336 854 3396 Memnonis
877 3356 936 3396 axe
957 3356 1084 3415 parcnsi

364 3418 426 3481 Sed
444 3423 499 3480 tibi
521 3422 608 3481 triste
628 3422 714 3481 iubar
735 3422 920 3499 pallentibus
944 3420 1053 3481 extulit
1072 3420 1186 3481 umbris

324 3558 330 3569 .
407 3506 554 3566 Tartareo
577 3508 667 3585 peplo
685 3528 749 3567 nox
769 3507 911 3583 adoperta
929 3518 1029 3584 caput,

363 3587 413 3647 Ne
433 3591 515 3649 foret
533 3592 598 3650 ulla
617 3594 693 3666 dies,
716 3612 780 3652 non
800 3593 847 3650 cui
871 3593 952 3651 dedit
972 3593 1054 3652 Allia
1076 3608 1199 3665 nomen,

407 3671 503 3746 Quam
526 3677 711 3738 detestentur
731 3676 854 3755 publica
876 3686 948 3737 vota
970 3678 1077 3756 magis.

357 3756 485 3837 'Quippe
506 3762 579 3837 quid
598 3764 678 3823 inter
697 3771 744 3822 tot
761 3761 915 3838 signantes
934 3772 1071 3840 tempora
1092 3762 1208 3851 lucos,¹
