<?xml version="1.0" encoding="UTF-8"?>
<!DOCTYPE html PUBLIC "-//W3C//DTD XHTML 1.0 Transitional//EN"
    "http://www.w3.org/TR/xhtml1/DTD/xhtml1-transitional.dtd">
<html xmlns="http://www.w3.org/1999/xhtml" xml:lang="en" lang="en">
 <head>
  <title>
</title>
<meta http-equiv="Content-Type" content="text/html;charset=utf-8" />
  <meta name='ocr-system' content='tesseract 3.04.00' />
  <meta name='ocr-capabilities' content='ocr_page ocr_carea ocr_par ocr_line ocrx_word'/>
</head>
<body>
  <div class='ocr_page' id='page_1' title='image "./poemataomnia00scalgoog_0441.png"; bbox 0 0 2884 4650; ppageno 0'>
   <div class='ocr_carea' id='block_1_1' title="bbox 715 522 867 617">
    <p class='ocr_par' dir='ltr' id='par_1_1' title="bbox 715 522 867 617">
     <span class='ocr_line' id='line_1_1' title="bbox 715 522 867 617; baseline 0 -35"><span class='ocrx_word' id='word_1_1' title='bbox 715 522 867 617; x_wconf 41' lang='lat' dir='ltr'><strong><em>A</em></strong></span> 
     </span>
    </p>
   </div>
   <div class='ocr_carea' id='block_1_2' title="bbox 339 691 1163 1025">
    <p class='ocr_par' dir='ltr' id='par_1_2' title="bbox 339 691 1163 1025">
     <span class='ocr_line' id='line_1_2' title="bbox 340 691 1097 771; baseline -0.005 -17"><span class='ocrx_word' id='word_1_2' title='bbox 340 693 477 754; x_wconf 87' lang='lat' dir='ltr'><strong>Occnrsn</strong></span> <span class='ocrx_word' id='word_1_3' title='bbox 500 691 644 752; x_wconf 83' lang='lat' dir='ltr'><strong>horrifero</strong></span> <span class='ocrx_word' id='word_1_4' title='bbox 663 693 846 771; x_wconf 84' lang='lat' dir='ltr'><strong>pervolgans</strong></span> <span class='ocrx_word' id='word_1_5' title='bbox 869 693 966 751; x_wconf 69' lang='lat' dir='ltr'><strong>noctis</strong></span> <span class='ocrx_word' id='word_1_6' title='bbox 990 710 1097 769; x_wconf 80' lang='lat' dir='ltr'><strong>opaca,</strong></span> 
     </span>
     <span class='ocr_line' id='line_1_3' title="bbox 340 777 1099 855; baseline -0.004 -16"><span class='ocrx_word' id='word_1_7' title='bbox 340 778 403 839; x_wconf 86' lang='lat' dir='ltr'><strong>Sed</strong></span> <span class='ocrx_word' id='word_1_8' title='bbox 424 780 481 837; x_wconf 88' lang='lat' dir='ltr'><strong>sub</strong></span> <span class='ocrx_word' id='word_1_9' title='bbox 503 786 533 837; x_wconf 88' lang='lat' dir='ltr'><strong>te</strong></span> <span class='ocrx_word' id='word_1_10' title='bbox 551 777 641 854; x_wconf 92' lang='lat' dir='ltr'><strong>placo</strong></span> <span class='ocrx_word' id='word_1_11' title='bbox 663 777 783 855; x_wconf 85' lang='lat' dir='ltr'><strong>Regina</strong></span> <span class='ocrx_word' id='word_1_12' title='bbox 803 778 953 855; x_wconf 85' lang='lat' dir='ltr'><strong>nigrantis</strong></span> <span class='ocrx_word' id='word_1_13' title='bbox 974 778 1099 850; x_wconf 82' lang='lat' dir='ltr'><strong>Averni,</strong></span> 
     </span>
     <span class='ocr_line' id='line_1_4' title="bbox 339 862 1163 943; baseline 0 -20"><span class='ocrx_word' id='word_1_14' title='bbox 339 864 533 943; x_wconf 81' lang='lat' dir='ltr'><strong>Montivagos</strong></span> <span class='ocrx_word' id='word_1_15' title='bbox 558 862 697 921; x_wconf 85' lang='lat' dir='ltr'><strong>stimulos</strong></span> <span class='ocrx_word' id='word_1_16' title='bbox 719 863 838 938; x_wconf 78' lang='lat' dir='ltr'><strong>protelo</strong></span> <span class='ocrx_word' id='word_1_17' title='bbox 861 862 901 920; x_wconf 91' lang='lat' dir='ltr'><strong>ad</strong></span> <span class='ocrx_word' id='word_1_18' title='bbox 920 862 1033 921; x_wconf 84' lang='lat' dir='ltr'><strong>extima</strong></span> <span class='ocrx_word' id='word_1_19' title='bbox 1053 869 1163 937; x_wconf 60' lang='lat' dir='ltr'><strong>terrea</strong></span> 
     </span>
     <span class='ocr_line' id='line_1_5' title="bbox 339 946 1106 1025; baseline -0.003 -16"><span class='ocrx_word' id='word_1_20' title='bbox 339 948 526 1009; x_wconf 80' lang='lat' dir='ltr'><strong>Flaminibns</strong></span> <span class='ocrx_word' id='word_1_21' title='bbox 545 946 615 1005; x_wconf 82' lang='lat' dir='ltr'><strong>lacii</strong></span> <span class='ocrx_word' id='word_1_22' title='bbox 636 955 791 1008; x_wconf 76' lang='lat' dir='ltr'><strong>ostentans</strong></span> <span class='ocrx_word' id='word_1_23' title='bbox 813 948 963 1025; x_wconf 71' lang='lat' dir='ltr'>placabile</span> <span class='ocrx_word' id='word_1_24' title='bbox 984 965 1106 1007; x_wconf 88' lang='lat' dir='ltr'><strong>numen.</strong></span> 
     </span>
    </p>
   </div>
   <div class='ocr_carea' id='block_1_3' title="bbox 263 1117 1259 2045">
    <p class='ocr_par' dir='ltr' id='par_1_3' title="bbox 263 1117 1259 2045">
     <span class='ocr_line' id='line_1_6' title="bbox 263 1117 1051 1193; baseline 0.003 -19"><span class='ocrx_word' id='word_1_25' title='bbox 263 1137 267 1146; x_wconf 92' lang='lat'>·</span> <span class='ocrx_word' id='word_1_26' title='bbox 342 1117 381 1174; x_wconf 81' lang='lat'><strong>71</strong></span> <span class='ocrx_word' id='word_1_27' title='bbox 541 1117 641 1175; x_wconf 75' lang='lat' dir='ltr'><strong>Fortis</strong></span> <span class='ocrx_word' id='word_1_28' title='bbox 662 1117 813 1176; x_wconf 79' lang='lat' dir='ltr'><strong>Fortunae</strong></span> <span class='ocrx_word' id='word_1_29' title='bbox 833 1118 974 1193; x_wconf 65' lang='lat' dir='ltr'><strong>suffimen,</strong></span> <span class='ocrx_word' id='word_1_30' title='bbox 997 1127 1051 1176; x_wconf 82' lang='lat' dir='ltr'><strong>tas.</strong></span> 
     </span>
     <span class='ocr_line' id='line_1_7' title="bbox 340 1199 1138 1280; baseline -0.003 -19"><span class='ocrx_word' id='word_1_31' title='bbox 340 1200 411 1261; x_wconf 87' lang='lat' dir='ltr'><strong>Huc</strong></span> <span class='ocrx_word' id='word_1_32' title='bbox 428 1199 478 1260; x_wconf 85' lang='lat' dir='ltr'><strong>sis</strong></span> <span class='ocrx_word' id='word_1_33' title='bbox 501 1200 578 1260; x_wconf 78' lang='lat' dir='ltr'><strong>Fors</strong></span> <span class='ocrx_word' id='word_1_34' title='bbox 600 1201 743 1276; x_wconf 81' lang='lat' dir='ltr'><strong>Fortuna,</strong></span> <span class='ocrx_word' id='word_1_35' title='bbox 766 1202 860 1262; x_wconf 85' lang='lat' dir='ltr'><strong>sacris</strong></span> <span class='ocrx_word' id='word_1_36' title='bbox 880 1202 1000 1280; x_wconf 88' lang='lat' dir='ltr'><strong>Regina</strong></span> <span class='ocrx_word' id='word_1_37' title='bbox 1017 1220 1090 1261; x_wconf 90' lang='lat' dir='ltr'><strong>voco</strong></span> <span class='ocrx_word' id='word_1_38' title='bbox 1106 1210 1138 1259; x_wconf 91' lang='lat' dir='ltr'><strong>te</strong></span> 
     </span>
     <span class='ocr_line' id='line_1_8' title="bbox 341 1279 1250 1364; baseline 0 -18"><span class='ocrx_word' id='word_1_39' title='bbox 341 1289 540 1358; x_wconf 63' lang='lat' dir='ltr'><strong>Mamaeum,</strong></span> <span class='ocrx_word' id='word_1_40' title='bbox 565 1286 770 1363; x_wconf 87' lang='lat' dir='ltr'><strong>Triviamque,</strong></span> <span class='ocrx_word' id='word_1_41' title='bbox 791 1287 836 1344; x_wconf 91' lang='lat' dir='ltr'><strong>rei</strong></span> <span class='ocrx_word' id='word_1_42' title='bbox 857 1287 1033 1363; x_wconf 79' lang='lat' dir='ltr'><strong>praedivitis</strong></span> <span class='ocrx_word' id='word_1_43' title='bbox 1056 1279 1144 1364; x_wconf 60' lang='lat' dir='ltr'><strong>crgo,v</strong></span> <span class='ocrx_word' id='word_1_44' title='bbox 1246 1307 1250 1321; x_wconf 93' lang='lat'><em>·</em></span> 
     </span>
     <span class='ocr_line' id='line_1_9' title="bbox 341 1370 1139 1449; baseline -0.003 -18"><span class='ocrx_word' id='word_1_45' title='bbox 341 1372 382 1431; x_wconf 83' lang='lat' dir='ltr'><strong>Et</strong></span> <span class='ocrx_word' id='word_1_46' title='bbox 398 1371 545 1430; x_wconf 86' lang='lat' dir='ltr'><strong>Deianam</strong></span> <span class='ocrx_word' id='word_1_47' title='bbox 566 1372 742 1446; x_wconf 78' lang='lat' dir='ltr'><strong>antistitem,</strong></span> <span class='ocrx_word' id='word_1_48' title='bbox 763 1372 849 1447; x_wconf 84' lang='lat' dir='ltr'><strong>opaci</strong></span> <span class='ocrx_word' id='word_1_49' title='bbox 874 1371 1020 1449; x_wconf 86' lang='lat' dir='ltr'><strong>sangnine</strong></span> <span class='ocrx_word' id='word_1_50' title='bbox 1042 1370 1139 1431; x_wconf 87' lang='lat' dir='ltr'><strong>Consi</strong></span> 
     </span>
     <span class='ocr_line' id='line_1_10' title="bbox 341 1456 1212 1533; baseline -0.002 -18"><span class='ocrx_word' id='word_1_51' title='bbox 341 1457 549 1533; x_wconf 84' lang='lat' dir='ltr'><strong>Progenitam‚</strong></span> <span class='ocrx_word' id='word_1_52' title='bbox 570 1464 785 1532; x_wconf 86' lang='lat' dir='ltr'><strong>aeternumque</strong></span> <span class='ocrx_word' id='word_1_53' title='bbox 802 1457 915 1515; x_wconf 79' lang='lat' dir='ltr'><strong>invicta</strong></span> <span class='ocrx_word' id='word_1_54' title='bbox 934 1457 1025 1515; x_wconf 86' lang='lat' dir='ltr'><strong>lande</strong></span> <span class='ocrx_word' id='word_1_55' title='bbox 1047 1456 1212 1515; x_wconf 85' lang='lat' dir='ltr'><strong>cluentem:</strong></span> 
     </span>
     <span class='ocr_line' id='line_1_11' title="bbox 343 1540 1206 1618; baseline -0.005 -16"><span class='ocrx_word' id='word_1_56' title='bbox 343 1544 443 1615; x_wconf 80' lang='lat' dir='ltr'><strong>Atque</strong></span> <span class='ocrx_word' id='word_1_57' title='bbox 462 1540 664 1614; x_wconf 73' lang='lat' dir='ltr'><strong>bibentium,</strong></span> <span class='ocrx_word' id='word_1_58' title='bbox 687 1542 898 1618; x_wconf 81' lang='lat' dir='ltr'><strong>perbitentsm‚</strong></span> <span class='ocrx_word' id='word_1_59' title='bbox 921 1542 1055 1600; x_wconf 89' lang='lat' dir='ltr'><strong>omnibu’</strong></span> <span class='ocrx_word' id='word_1_60' title='bbox 1076 1550 1206 1599; x_wconf 61' lang='lat' dir='ltr'><strong>cauum.</strong></span> 
     </span>
     <span class='ocr_line' id='line_1_12' title="bbox 343 1625 1246 1703; baseline 0 -19"><span class='ocrx_word' id='word_1_61' title='bbox 343 1625 482 1684; x_wconf 87' lang='lat' dir='ltr'><strong>Daedala</strong></span> <span class='ocrx_word' id='word_1_62' title='bbox 501 1644 630 1703; x_wconf 89' lang='lat' dir='ltr'><strong>namque</strong></span> <span class='ocrx_word' id='word_1_63' title='bbox 651 1628 683 1685; x_wconf 91' lang='lat' dir='ltr'><strong>in</strong></span> <span class='ocrx_word' id='word_1_64' title='bbox 706 1635 737 1686; x_wconf 92' lang='lat' dir='ltr'><strong>te</strong></span> <span class='ocrx_word' id='word_1_65' title='bbox 759 1627 915 1703; x_wconf 87' lang='lat' dir='ltr'><strong>opulentia</strong></span> <span class='ocrx_word' id='word_1_66' title='bbox 935 1634 1052 1695; x_wconf 89' lang='lat' dir='ltr'><strong>constat</strong></span> <span class='ocrx_word' id='word_1_67' title='bbox 1069 1627 1246 1685; x_wconf 86' lang='lat' dir='ltr'><strong>homonum.</strong></span> 
     </span>
     <span class='ocr_line' id='line_1_13' title="bbox 342 1709 1215 1788; baseline 0 -19"><span class='ocrx_word' id='word_1_68' title='bbox 342 1709 481 1785; x_wconf 81' lang='lat' dir='ltr'><strong>Namque</strong></span> <span class='ocrx_word' id='word_1_69' title='bbox 502 1711 571 1771; x_wconf 87' lang='lat' dir='ltr'><strong>aliis</strong></span> <span class='ocrx_word' id='word_1_70' title='bbox 595 1731 702 1787; x_wconf 86' lang='lat' dir='ltr'><strong>copam</strong></span> <span class='ocrx_word' id='word_1_71' title='bbox 726 1712 781 1771; x_wconf 85' lang='lat' dir='ltr'><strong>das</strong></span> <span class='ocrx_word' id='word_1_72' title='bbox 800 1731 900 1771; x_wconf 90' lang='lat' dir='ltr'><strong>rerum</strong></span> <span class='ocrx_word' id='word_1_73' title='bbox 919 1712 1062 1788; x_wconf 74' lang='lat' dir='ltr'><strong>pleraque</strong></span> <span class='ocrx_word' id='word_1_74' title='bbox 1082 1712 1215 1780; x_wconf 77' lang='lat' dir='ltr'><strong>abunde,</strong></span> 
     </span>
     <span class='ocr_line' id='line_1_14' title="bbox 342 1796 1039 1873; baseline 0.001 -20"><span class='ocrx_word' id='word_1_75' title='bbox 342 1796 554 1872; x_wconf 80' lang='lat' dir='ltr'><strong>Paupertatem</strong></span> <span class='ocrx_word' id='word_1_76' title='bbox 578 1797 658 1871; x_wconf 82' lang='lat' dir='ltr'><strong>aliis,</strong></span> <span class='ocrx_word' id='word_1_77' title='bbox 679 1798 792 1856; x_wconf 85' lang='lat' dir='ltr'><strong>irarum</strong></span> <span class='ocrx_word' id='word_1_78' title='bbox 813 1797 927 1873; x_wconf 85' lang='lat' dir='ltr'><strong>percita</strong></span> <span class='ocrx_word' id='word_1_79' title='bbox 948 1797 1039 1856; x_wconf 84' lang='lat' dir='ltr'><strong>fastu.</strong></span> 
     </span>
     <span class='ocr_line' id='line_1_15' title="bbox 342 1881 1259 1955; baseline 0.002 -16"><span class='ocrx_word' id='word_1_80' title='bbox 342 1882 468 1954; x_wconf 88' lang='lat' dir='ltr'><strong>Verum,</strong></span> <span class='ocrx_word' id='word_1_81' title='bbox 489 1900 507 1939; x_wconf 94' lang='lat' dir='ltr'><strong>o</strong></span> <span class='ocrx_word' id='word_1_82' title='bbox 528 1881 618 1955; x_wconf 88' lang='lat' dir='ltr'><strong>Diva,</strong></span> <span class='ocrx_word' id='word_1_83' title='bbox 643 1883 722 1940; x_wconf 89' lang='lat' dir='ltr'><strong>domi</strong></span> <span class='ocrx_word' id='word_1_84' title='bbox 744 1889 774 1940; x_wconf 88' lang='lat' dir='ltr'><strong>te</strong></span> <span class='ocrx_word' id='word_1_85' title='bbox 793 1884 920 1941; x_wconf 89' lang='lat' dir='ltr'><strong>obsecro</strong></span> <span class='ocrx_word' id='word_1_86' title='bbox 942 1882 1109 1941; x_wconf 75' lang='lat' dir='ltr'><strong>Favonium</strong></span> <span class='ocrx_word' id='word_1_87' title='bbox 1133 1881 1259 1954; x_wconf 81' lang='lat' dir='ltr'><strong>adesse,</strong></span> 
     </span>
     <span class='ocr_line' id='line_1_16' title="bbox 343 1965 1069 2045; baseline -0.003 -18"><span class='ocrx_word' id='word_1_88' title='bbox 343 1965 531 2027; x_wconf 85' lang='lat' dir='ltr'><strong>Gliscentem</strong></span> <span class='ocrx_word' id='word_1_89' title='bbox 553 1986 587 2026; x_wconf 92' lang='lat' dir='ltr'><strong>re</strong></span> <span class='ocrx_word' id='word_1_90' title='bbox 609 1986 695 2044; x_wconf 87' lang='lat' dir='ltr'><strong>eope,</strong></span> <span class='ocrx_word' id='word_1_91' title='bbox 718 1968 764 2025; x_wconf 92' lang='lat' dir='ltr'><strong>rei</strong></span> <span class='ocrx_word' id='word_1_92' title='bbox 786 1966 963 2044; x_wconf 84' lang='lat' dir='ltr'><strong>praedivitis</strong></span> <span class='ocrx_word' id='word_1_93' title='bbox 985 1986 1069 2045; x_wconf 87' lang='lat' dir='ltr'><strong>ergo.</strong></span> 
     </span>
    </p>
   </div>
   <div class='ocr_carea' id='block_1_4' title="bbox 342 2135 1260 2554">
    <p class='ocr_par' dir='ltr' id='par_1_4' title="bbox 344 2135 962 2212">
     <span class='ocr_line' id='line_1_17' title="bbox 344 2135 962 2212; baseline 0 -19"><span class='ocrx_word' id='word_1_94' title='bbox 344 2136 405 2193; x_wconf 59' lang='lat'><strong>72¹</strong></span> <span class='ocrx_word' id='word_1_95' title='bbox 642 2135 728 2195; x_wconf 72' lang='lat' dir='ltr'><strong>Genii</strong></span> <span class='ocrx_word' id='word_1_96' title='bbox 747 2138 886 2212; x_wconf 81' lang='lat' dir='ltr'><strong>suffimen,</strong></span> <span class='ocrx_word' id='word_1_97' title='bbox 908 2146 962 2194; x_wconf 84' lang='lat' dir='ltr'><strong>tas.</strong></span> 
     </span>
    </p>

    <p class='ocr_par' dir='ltr' id='par_1_5' title="bbox 342 2219 1260 2554">
     <span class='ocr_line' id='line_1_18' title="bbox 343 2219 1250 2297; baseline 0.002 -21"><span class='ocrx_word' id='word_1_98' title='bbox 343 2219 568 2297; x_wconf 81' lang='lat' dir='ltr'><strong>Magnanimum</strong></span> <span class='ocrx_word' id='word_1_99' title='bbox 591 2220 722 2279; x_wconf 83' lang='lat' dir='ltr'><strong>Genium</strong></span> <span class='ocrx_word' id='word_1_100' title='bbox 742 2221 817 2294; x_wconf 84' lang='lat' dir='ltr'><strong>calo,</strong></span> <span class='ocrx_word' id='word_1_101' title='bbox 838 2229 1009 2297; x_wconf 84' lang='lat' dir='ltr'><strong>praetorem</strong></span> <span class='ocrx_word' id='word_1_102' title='bbox 1032 2222 1250 2293; x_wconf 76' lang='lat' dir='ltr'><strong>venerandum,</strong></span> 
     </span>
     <span class='ocr_line' id='line_1_19' title="bbox 342 2305 1223 2385; baseline -0.001 -20"><span class='ocrx_word' id='word_1_103' title='bbox 342 2307 593 2381; x_wconf 84' lang='lat' dir='ltr'><strong>Mansuetumque</strong></span> <span class='ocrx_word' id='word_1_104' title='bbox 614 2307 727 2379; x_wconf 82' lang='lat' dir='ltr'><strong>Iovem,</strong></span> <span class='ocrx_word' id='word_1_105' title='bbox 749 2315 905 2366; x_wconf 83' lang='lat' dir='ltr'><strong>auctorem</strong></span> <span class='ocrx_word' id='word_1_106' title='bbox 924 2305 1097 2385; x_wconf 76' lang='lat' dir='ltr'><strong>genitabilis</strong></span> <span class='ocrx_word' id='word_1_107' title='bbox 1119 2324 1223 2379; x_wconf 87' lang='lat' dir='ltr'><strong>aurae,</strong></span> 
     </span>
     <span class='ocr_line' id='line_1_20' title="bbox 343 2391 1260 2470; baseline -0.001 -19"><span class='ocrx_word' id='word_1_108' title='bbox 343 2391 494 2464; x_wconf 62' lang='lat' dir='ltr'><strong>Diovem,</strong></span> <span class='ocrx_word' id='word_1_109' title='bbox 504 2392 612 2466; x_wconf 89' lang='lat' dir='ltr'><strong>ubique</strong></span> <span class='ocrx_word' id='word_1_110' title='bbox 624 2400 793 2470; x_wconf 86' lang='lat' dir='ltr'><strong>vagantem,</strong></span> <span class='ocrx_word' id='word_1_111' title='bbox 808 2401 839 2451; x_wconf 91' lang='lat' dir='ltr'><strong>et</strong></span> <span class='ocrx_word' id='word_1_112' title='bbox 846 2393 1009 2451; x_wconf 88' lang='lat' dir='ltr'><strong>Vaeiovem</strong></span> <span class='ocrx_word' id='word_1_113' title='bbox 1020 2392 1260 2468; x_wconf 87' lang='lat' dir='ltr'><strong>imperitantem:</strong></span> 
     </span>
     <span class='ocr_line' id='line_1_21' title="bbox 344 2476 1137 2554; baseline 0.003 -19"><span class='ocrx_word' id='word_1_114' title='bbox 344 2476 404 2551; x_wconf 85' lang='lat' dir='ltr'><strong>Qui</strong></span> <span class='ocrx_word' id='word_1_115' title='bbox 425 2476 546 2554; x_wconf 87' lang='lat' dir='ltr'><strong>largiris</strong></span> <span class='ocrx_word' id='word_1_116' title='bbox 570 2495 656 2552; x_wconf 85' lang='lat' dir='ltr'><strong>opes,</strong></span> <span class='ocrx_word' id='word_1_117' title='bbox 678 2484 712 2536; x_wconf 94' lang='lat' dir='ltr'><strong>ut</strong></span> <span class='ocrx_word' id='word_1_118' title='bbox 732 2477 816 2536; x_wconf 89' lang='lat' dir='ltr'><strong>inisti</strong></span> <span class='ocrx_word' id='word_1_119' title='bbox 838 2485 919 2535; x_wconf 87' lang='lat' dir='ltr'><strong>tecta</strong></span> <span class='ocrx_word' id='word_1_120' title='bbox 939 2477 1137 2550; x_wconf 78' lang='lat' dir='ltr'><strong>cachinnans,</strong></span> 
     </span>
    </p>
   </div>
   <div class='ocr_carea' id='block_1_5' title="bbox 344 2643 1185 2896">
    <p class='ocr_par' dir='ltr' id='par_1_6' title="bbox 344 2643 1185 2896">
     <span class='ocr_line' id='line_1_22' title="bbox 344 2643 1185 2721; baseline 0.001 -16"><span class='ocrx_word' id='word_1_121' title='bbox 344 2645 504 2720; x_wconf 82' lang='lat' dir='ltr'><strong>Laetitiae,</strong></span> <span class='ocrx_word' id='word_1_122' title='bbox 526 2643 681 2721; x_wconf 85' lang='lat' dir='ltr'><strong>moerori’,</strong></span> <span class='ocrx_word' id='word_1_123' title='bbox 704 2647 863 2721; x_wconf 84' lang='lat' dir='ltr'><strong>Patulcin’,</strong></span> <span class='ocrx_word' id='word_1_124' title='bbox 886 2646 1010 2706; x_wconf 81' lang='lat' dir='ltr'><strong>Clusius</strong></span> <span class='ocrx_word' id='word_1_125' title='bbox 1035 2647 1185 2707; x_wconf 77' lang='lat' dir='ltr'><strong>idemne.</strong></span> 
     </span>
     <span class='ocr_line' id='line_1_23' title="bbox 345 2729 1184 2811; baseline 0.002 -23"><span class='ocrx_word' id='word_1_126' title='bbox 345 2730 446 2805; x_wconf 80' lang='lat' dir='ltr'><strong>Quare</strong></span> <span class='ocrx_word' id='word_1_127' title='bbox 469 2729 572 2811; x_wconf 83' lang='lat' dir='ltr'><strong>Sango</strong></span> <span class='ocrx_word' id='word_1_128' title='bbox 593 2741 688 2809; x_wconf 85' lang='lat' dir='ltr'><strong>pater,</strong></span> <span class='ocrx_word' id='word_1_129' title='bbox 709 2751 846 2792; x_wconf 75' lang='lat' dir='ltr'><strong>camum</strong></span> <span class='ocrx_word' id='word_1_130' title='bbox 870 2733 987 2793; x_wconf 87' lang='lat' dir='ltr'><strong>semina</strong></span> <span class='ocrx_word' id='word_1_131' title='bbox 1005 2732 1136 2809; x_wconf 83' lang='lat' dir='ltr'><strong>pellens,</strong></span> <span class='ocrx_word' id='word_1_132' title='bbox 1180 2760 1184 2776; x_wconf 74' lang='lat'><em>‹</em></span> 
     </span>
     <span class='ocr_line' id='line_1_24' title="bbox 345 2816 1012 2896; baseline 0 -21"><span class='ocrx_word' id='word_1_133' title='bbox 345 2816 528 2875; x_wconf 85' lang='lat' dir='ltr'><strong>Insidiautia</strong></span> <span class='ocrx_word' id='word_1_134' title='bbox 546 2819 637 2892; x_wconf 89' lang='lat' dir='ltr'><strong>vitae,</strong></span> <span class='ocrx_word' id='word_1_135' title='bbox 657 2819 690 2876; x_wconf 91' lang='lat' dir='ltr'><strong>in</strong></span> <span class='ocrx_word' id='word_1_136' title='bbox 709 2826 789 2876; x_wconf 91' lang='lat' dir='ltr'><strong>terra</strong></span> <span class='ocrx_word' id='word_1_137' title='bbox 812 2818 1012 2896; x_wconf 84' lang='lat' dir='ltr'><strong>frugiferenti‚</strong></span> 
     </span>
    </p>
   </div>
   <div class='ocr_carea' id='block_1_6' title="bbox 344 2562 1213 2978">
    <p class='ocr_par' dir='ltr' id='par_1_7' title="bbox 344 2562 1340 3096">
     <span class='ocr_line' id='line_1_25' title="bbox 344 2562 1213 2640; baseline 0 -20"><span class='ocrx_word' id='word_1_138' title='bbox 344 2563 384 2620; x_wconf 83' lang='lat' dir='ltr'><strong>Et</strong></span> <span class='ocrx_word' id='word_1_139' title='bbox 407 2569 512 2621; x_wconf 91' lang='lat' dir='ltr'><strong>contra</strong></span> <span class='ocrx_word' id='word_1_140' title='bbox 530 2562 679 2621; x_wconf 90' lang='lat' dir='ltr'><strong>humanae</strong></span> <span class='ocrx_word' id='word_1_141' title='bbox 701 2563 853 2640; x_wconf 84' lang='lat' dir='ltr'><strong>extinguis</strong></span> <span class='ocrx_word' id='word_1_142' title='bbox 875 2563 927 2637; x_wconf 93' lang='lat' dir='ltr'><strong>qui</strong></span> <span class='ocrx_word' id='word_1_143' title='bbox 948 2562 1102 2621; x_wconf 85' lang='lat' dir='ltr'><strong>commoda</strong></span> <span class='ocrx_word' id='word_1_144' title='bbox 1125 2563 1213 2620; x_wconf 87' lang='lat' dir='ltr'><strong>vitae.</strong></span> 
     </span>
     <span class='ocr_line' id='line_1_26' title="bbox 345 2901 1129 2978; baseline -0.002 -17"><span class='ocrx_word' id='word_1_145' title='bbox 345 2901 397 2961; x_wconf 90' lang='lat' dir='ltr'><strong>Da</strong></span> <span class='ocrx_word' id='word_1_146' title='bbox 417 2919 521 2976; x_wconf 88' lang='lat' dir='ltr'><strong>precor</strong></span> <span class='ocrx_word' id='word_1_147' title='bbox 545 2904 724 2978; x_wconf 87' lang='lat' dir='ltr'><strong>aequanimo</strong></span> <span class='ocrx_word' id='word_1_148' title='bbox 745 2904 837 2964; x_wconf 83' lang='lat' dir='ltr'><strong>vitam</strong></span> <span class='ocrx_word' id='word_1_149' title='bbox 859 2903 1038 2962; x_wconf 87' lang='lat' dir='ltr'><strong>concludere</strong></span> <span class='ocrx_word' id='word_1_150' title='bbox 1059 2903 1129 2960; x_wconf 82' lang='lat' dir='ltr'><strong>lina.</strong></span> 
     </span>
    </p>
   </div>
   <div class='ocr_carea' id='block_1_7' title="bbox 345 3072 1259 3834">
    <p class='ocr_par' dir='ltr' id='par_1_8' title="bbox 348 3072 1091 3150">
     <span class='ocr_line' id='line_1_27' title="bbox 348 3072 1091 3150; baseline 0 -20"><span class='ocrx_word' id='word_1_151' title='bbox 348 3073 387 3132; x_wconf 88' lang='grc'><strong>73</strong></span> <span class='ocrx_word' id='word_1_152' title='bbox 501 3072 596 3130; x_wconf 82' lang='lat' dir='ltr'><strong>Divae</strong></span> <span class='ocrx_word' id='word_1_153' title='bbox 617 3074 768 3132; x_wconf 81' lang='lat' dir='ltr'><strong>Albuneae</strong></span> <span class='ocrx_word' id='word_1_154' title='bbox 786 3074 927 3150; x_wconf 79' lang='lat' dir='ltr'><strong>suffimen,</strong></span> <span class='ocrx_word' id='word_1_155' title='bbox 949 3082 1091 3131; x_wconf 76' lang='lat' dir='ltr'><strong>armante.</strong></span> 
     </span>
    </p>

    <p class='ocr_par' dir='ltr' id='par_1_9' title="bbox 345 3154 1120 3236">
     <span class='ocr_line' id='line_1_28' title="bbox 345 3154 1120 3236; baseline -0.003 -20"><span class='ocrx_word' id='word_1_156' title='bbox 345 3158 516 3216; x_wconf 83' lang='lat' dir='ltr'><strong>Albuneam</strong></span> <span class='ocrx_word' id='word_1_157' title='bbox 537 3157 622 3215; x_wconf 90' lang='lat' dir='ltr'><strong>elicio</strong></span> <span class='ocrx_word' id='word_1_158' title='bbox 641 3167 819 3236; x_wconf 83' lang='lat' dir='ltr'><strong>prognatam</strong></span> <span class='ocrx_word' id='word_1_159' title='bbox 841 3158 976 3235; x_wconf 91' lang='lat' dir='ltr'><strong>principe</strong></span> <span class='ocrx_word' id='word_1_160' title='bbox 996 3154 1120 3227; x_wconf 77' lang='lat' dir='ltr'><strong>Cadmo,</strong></span> 
     </span>
    </p>

    <p class='ocr_par' dir='ltr' id='par_1_10' title="bbox 346 3241 1259 3490">
     <span class='ocr_line' id='line_1_29' title="bbox 346 3241 1259 3322; baseline -0.004 -21"><span class='ocrx_word' id='word_1_161' title='bbox 346 3243 498 3322; x_wconf 84' lang='lat' dir='ltr'><strong>Magnam,</strong></span> <span class='ocrx_word' id='word_1_162' title='bbox 520 3261 596 3318; x_wconf 88' lang='lat' dir='ltr'><strong>qnae</strong></span> <span class='ocrx_word' id='word_1_163' title='bbox 615 3242 759 3301; x_wconf 90' lang='lat' dir='ltr'><strong>Brumum</strong></span> <span class='ocrx_word' id='word_1_164' title='bbox 783 3252 831 3302; x_wconf 89' lang='lat' dir='ltr'><strong>est</strong></span> <span class='ocrx_word' id='word_1_165' title='bbox 853 3243 1045 3302; x_wconf 88' lang='lat' dir='ltr'><strong>obstetricata</strong></span> <span class='ocrx_word' id='word_1_166' title='bbox 1062 3241 1259 3300; x_wconf 80' lang='lat' dir='ltr'><strong>nefrendem:</strong></span> 
     </span>
     <span class='ocr_line' id='line_1_30' title="bbox 347 3325 1190 3404; baseline -0.005 -17"><span class='ocrx_word' id='word_1_167' title='bbox 347 3328 416 3387; x_wconf 89' lang='lat' dir='ltr'><strong>Huc</strong></span> <span class='ocrx_word' id='word_1_168' title='bbox 434 3330 507 3388; x_wconf 87' lang='lat' dir='ltr'><strong>ades</strong></span> <span class='ocrx_word' id='word_1_169' title='bbox 530 3348 547 3387; x_wconf 92' lang='lat' dir='ltr'><strong>o</strong></span> <span class='ocrx_word' id='word_1_170' title='bbox 571 3347 648 3404; x_wconf 87' lang='lat' dir='ltr'><strong>quae</strong></span> <span class='ocrx_word' id='word_1_171' title='bbox 670 3328 753 3388; x_wconf 88' lang='lat' dir='ltr'><strong>salsa</strong></span> <span class='ocrx_word' id='word_1_172' title='bbox 771 3336 858 3387; x_wconf 89' lang='lat' dir='ltr'><strong>tenes</strong></span> <span class='ocrx_word' id='word_1_173' title='bbox 881 3336 912 3386; x_wconf 91' lang='lat' dir='ltr'><strong>et</strong></span> <span class='ocrx_word' id='word_1_174' title='bbox 927 3327 1047 3386; x_wconf 88' lang='lat' dir='ltr'><strong>caerula</strong></span> <span class='ocrx_word' id='word_1_175' title='bbox 1066 3325 1190 3404; x_wconf 85' lang='lat' dir='ltr'><strong>templa,</strong></span> 
     </span>
     <span class='ocr_line' id='line_1_31' title="bbox 346 3412 1109 3490; baseline -0.003 -18"><span class='ocrx_word' id='word_1_176' title='bbox 346 3413 504 3472; x_wconf 85' lang='lat' dir='ltr'><strong>Fluctibus</strong></span> <span class='ocrx_word' id='word_1_177' title='bbox 526 3415 676 3487; x_wconf 84' lang='lat' dir='ltr'><strong>exultans,</strong></span> <span class='ocrx_word' id='word_1_178' title='bbox 698 3420 856 3473; x_wconf 83' lang='lat' dir='ltr'><strong>nautarum</strong></span> <span class='ocrx_word' id='word_1_179' title='bbox 877 3414 996 3490; x_wconf 84' lang='lat' dir='ltr'><strong>sospita</strong></span> <span class='ocrx_word' id='word_1_180' title='bbox 1015 3412 1109 3484; x_wconf 89' lang='lat' dir='ltr'><strong>Iuno;</strong></span> 
     </span>
    </p>

    <p class='ocr_par' dir='ltr' id='par_1_11' title="bbox 346 3497 1336 3661">
     <span class='ocr_line' id='line_1_32' title="bbox 346 3497 1141 3576; baseline -0.003 -20"><span class='ocrx_word' id='word_1_181' title='bbox 346 3497 428 3557; x_wconf 87' lang='lat' dir='ltr'><strong>Nam</strong></span> <span class='ocrx_word' id='word_1_182' title='bbox 452 3507 483 3557; x_wconf 89' lang='lat' dir='ltr'><strong>te</strong></span> <span class='ocrx_word' id='word_1_183' title='bbox 503 3500 668 3576; x_wconf 89' lang='lat' dir='ltr'><strong>respiciunt</strong></span> <span class='ocrx_word' id='word_1_184' title='bbox 686 3518 806 3576; x_wconf 89' lang='lat' dir='ltr'><strong>puppes</strong></span> <span class='ocrx_word' id='word_1_185' title='bbox 827 3517 989 3574; x_wconf 87' lang='lat' dir='ltr'><strong>percaeca</strong></span> <span class='ocrx_word' id='word_1_186' title='bbox 1008 3497 1141 3574; x_wconf 88' lang='lat' dir='ltr'><strong>pericla;</strong></span> 
     </span>
     <span class='ocr_line' id='line_1_33' title="bbox 348 3581 1124 3661; baseline -0.001 -20"><span class='ocrx_word' id='word_1_187' title='bbox 348 3581 417 3641; x_wconf 90' lang='lat' dir='ltr'><strong>Una</strong></span> <span class='ocrx_word' id='word_1_188' title='bbox 434 3583 623 3644; x_wconf 86' lang='lat' dir='ltr'><strong>laborantem</strong></span> <span class='ocrx_word' id='word_1_189' title='bbox 647 3585 759 3644; x_wconf 87' lang='lat' dir='ltr'><strong>solaris</strong></span> <span class='ocrx_word' id='word_1_190' title='bbox 779 3585 811 3643; x_wconf 90' lang='lat' dir='ltr'><strong>in</strong></span> <span class='ocrx_word' id='word_1_191' title='bbox 834 3602 962 3659; x_wconf 87' lang='lat' dir='ltr'><strong>aequore</strong></span> <span class='ocrx_word' id='word_1_192' title='bbox 983 3583 1124 3661; x_wconf 80' lang='lat' dir='ltr'><strong>volgnm3</strong></span> 
     </span>
    </p>

    <p class='ocr_par' dir='ltr' id='par_1_12' title="bbox 348 3663 1172 3746">
     <span class='ocr_line' id='line_1_34' title="bbox 348 3663 1172 3746; baseline 0 -21"><span class='ocrx_word' id='word_1_193' title='bbox 348 3663 424 3740; x_wconf 80' lang='lat' dir='ltr'><strong>ins</strong></span> <span class='ocrx_word' id='word_1_194' title='bbox 446 3675 479 3726; x_wconf 91' lang='lat' dir='ltr'><strong>tn</strong></span> <span class='ocrx_word' id='word_1_195' title='bbox 502 3670 684 3730; x_wconf 85' lang='lat' dir='ltr'><strong>subveniens</strong></span> <span class='ocrx_word' id='word_1_196' title='bbox 706 3670 779 3732; x_wconf 84' lang='lat' dir='ltr'><strong>ades</strong></span> <span class='ocrx_word' id='word_1_197' title='bbox 801 3670 833 3728; x_wconf 89' lang='lat' dir='ltr'><strong>in</strong></span> <span class='ocrx_word' id='word_1_198' title='bbox 856 3669 1029 3728; x_wconf 84' lang='lat' dir='ltr'><strong>discrimine</strong></span> <span class='ocrx_word' id='word_1_199' title='bbox 1050 3684 1172 3746; x_wconf 86' lang='lat' dir='ltr'><strong>sospes.</strong></span> 
     </span>
    </p>

    <p class='ocr_par' dir='ltr' id='par_1_13' title="bbox 347 3704 1336 3883">
     <span class='ocr_line' id='line_1_35' title="bbox 347 3751 1063 3834; baseline 0.003 -24"><span class='ocrx_word' id='word_1_200' title='bbox 347 3753 429 3830; x_wconf 79' lang='lat' dir='ltr'><strong>Ergo</strong></span> <span class='ocrx_word' id='word_1_201' title='bbox 451 3751 591 3814; x_wconf 74' lang='lat' dir='ltr'><strong>adularis</strong></span> <span class='ocrx_word' id='word_1_202' title='bbox 611 3773 760 3832; x_wconf 82' lang='lat' dir='ltr'><strong>praesens</strong></span> <span class='ocrx_word' id='word_1_203' title='bbox 782 3754 958 3834; x_wconf 80' lang='lat' dir='ltr'><strong>urgentibus</strong></span> <span class='ocrx_word' id='word_1_204' title='bbox 979 3752 1063 3814; x_wconf 80' lang='lat' dir='ltr'><strong>adsis</strong></span> 
     </span>
    </p>
   </div>
   <div class='ocr_carea' id='block_1_8' title="bbox 0 0 1457 4650">
    <p class='ocr_par' dir='ltr' id='par_1_14' title="bbox 0 0 1457 4650">
     <span class='ocr_line' id='line_1_36' title="bbox 0 0 1457 4650; baseline 0 0"><span class='ocrx_word' id='word_1_205' title='bbox 0 0 1457 4650; x_wconf 95' lang='lat' dir='ltr'><strong> </strong></span> 
     </span>
    </p>
   </div>
  </div>
 </body>
</html>
