2884 4650
719 537 871 634 —70—

566 708 594 767 d.
638 710 677 766 Ia
699 712 817 769 candem
836 709 1037 784 Epitaphium.

344 794 407 856 Gur
427 794 483 852 hoc
500 793 627 852 Henrici
649 804 719 853 sunt
739 793 859 853 condita
878 794 997 852 viscera
1017 793 1107 851 busto
1118 814 1129 864 ς

386 884 444 940 Ast
464 879 516 937 alii
538 879 632 938 cessit
656 897 767 956 corpus
789 879 879 937 inane
902 877 990 937 solo?

342 965 414 1026 Una
433 965 537 1024 domus
557 972 649 1023 totam
672 983 762 1039 quam
785 983 845 1023 non
867 964 949 1040 capit
970 963 1044 1021 orbe
1065 962 1200 1036 ruinam,

385 1050 453 1111 Uno
469 1069 538 1109 non
560 1050 657 1126 potnit
677 1048 773 1107 limite
792 1056 858 1107 tota
881 1047 958 1124 capi.

344 1220 374 1278 5.
419 1219 592 1294 Epicediam
612 1217 735 1276 Lodoici
758 1217 892 1277 Caataaci
907 1218 1026 1292 Boudia
1049 1218 1137 1292 Torq.
1161 1218 1259 1296 Rapa.

344 1303 463 1362 Tristes
484 1303 641 1377 exequias,
663 1304 791 1364 miseras
813 1301 964 1381 surgentis
986 1301 1106 1378 Ephebi

345 1387 425 1465 Spes
447 1387 631 1464 interceptas
653 1389 684 1446 in
706 1390 804 1465 primo
826 1389 900 1447 flore
920 1386 1068 1458 iuventae,

343 1472 506 1531 Defleram.
529 1473 663 1530 nondum
684 1473 758 1532 coiit
779 1473 942 1531 manifesta
960 1472 1094 1529 cicatrix.

344 1557 497 1616 Funestos
515 1556 622 1616 iterum
642 1577 796 1631 numeros,
820 1567 851 1616 et
869 1557 955 1616 triste
976 1556 1089 1615 doloris

343 1641 505 1699 Posuimur
526 1642 669 1702 officium.
696 1644 854 1702 Lacrimas
875 1642 1079 1718 impendimus
1101 1644 1193 1701 orbo:

343 1725 484 1784 Extincto
506 1727 610 1786 demus
632 1728 783 1787 lacrimas.
801 1728 976 1789 Durissima
995 1727 1061 1784 iura

343 1810 498 1885 Fatorum,
521 1812 591 1870 ludo
610 1814 743 1872 nondum
767 1814 877 1886 satiata
898 1819 1030 1884 cruento,

343 1897 450 1970 Estne,
472 1897 552 1973 quod
571 1897 602 1954 in
626 1899 724 1958 claras
743 1898 928 1975 praelustria
948 1896 1079 1955 culmina
1101 1896 1193 1956 sedes

343 1979 417 2040 Non
435 1981 526 2041 liceat
548 1984 646 2057 vobis,
669 1985 696 2043 si
716 2003 774 2042 nec
795 1985 903 2042 domus
925 2002 986 2040 una
1006 1989 1055 2041 sat
1076 2001 1139 2040 nno

342 2066 491 2144 Fungitur
508 2068 620 2126 exitio?
642 2068 747 2128 Testis
767 2078 914 2142 natusque
936 2075 1096 2145 paterque:

343 2154 441 2210 Marte
458 2155 544 2229 prior
565 2161 665 2227 natus,
688 2153 788 2213 morbi
807 2161 894 2231 pater
915 2154 1041 2210 obrutus
1061 2160 1158 2224 aestu,

345 2237 461 2296 Ordine
483 2239 603 2296 turbato
621 2239 686 2296 nati
707 2257 811 2298 comes
832 2236 951 2296 additus
971 2237 1096 2296 umbris.

345 2319 397 2381 Sic
416 2329 510 2383 tortus
530 2322 638 2401 rapido
662 2323 960 2383 ventomm.turbine
980 2333 1089 2382 vortex

343 2407 496 2467 Arboreos
517 2408 646 2486 primum
668 2429 780 2483 ramos,
808 2416 838 2467 et
859 2409 964 2467 matris
988 2426 1103 2485 opacae

345 2488 470 2551 Summa
491 2495 568 2572 petit
591 2495 756 2573 stringens,
778 2514 848 2554 mox
870 2495 968 2570 ipsam
992 2512 1012 2551 a
1025 2492 1258 2569 stirpibusimis

343 2575 470 2649 Evertit,
493 2586 645 2656 totamque
666 2581 796 2640 advolvit
816 2579 967 2638 montibus
989 2597 1103 2636 ornum.

345 2659 432 2735 Quae
453 2662 538 2737 prius
559 2665 667 2723 insano
687 2685 826 2742 rumpam
848 2662 986 2723 convicia
1004 2662 1148 2740 planctui

345 2743 426 2819 Quid
445 2750 573 2820 quereri
594 2751 673 2808 unde
696 2770 765 2809 meo
789 2762 934 2826 quaestus
955 2766 990 2805 ac
1010 2750 1102 2806 verba
1124 2747 1221 2806 dolori

346 2827 526 2889 Sufficiam?
544 2842 645 2909 stupet
665 2853 734 2892 ecce
757 2856 833 2893 novo
852 2853 939 2892 mens
961 2834 1062 2892 obsita
1079 2835 1175 2905 luctu,

343 2912 421 2987 Nec,
440 2914 511 2989 quid
533 2926 661 2992 promat,
683 2920 784 2991 habet,
806 2920 875 2978 dum
889 2928 986 2977 semet
1000 2919 1031 2975 in
1043 2919 1144 2978 omnia
1156 2917 1257 2977 vertit.

345 2997 469 3059 Scilicet
493 3000 630 3060 effabor?
650 3003 744 3062 tantis
765 3004 823 3062 sim
843 3004 974 3062 luctibus
996 3004 1104 3081 impar.

343 3083 478 3144 Vulnera
495 3084 703 3145 dissimulem?
724 3088 847 3161 misero,
867 3090 1066 3165 quodcunque
1085 3095 1201 3147 tacetur

343 3170 452 3229 Acrius
476 3169 597 3228 insidit:
616 3171 758 3247 luctuque
781 3192 929 3250 expressa
950 3173 1074 3251 querela

343 3254 481 3314 Infantes
502 3254 616 3331 promit
633 3256 773 3332 gemitus,
796 3277 832 3315 ac
853 3277 1007 3317 murmura
1027 3268 1141 3317 manca.

343 3340 447 3416 Ipsae,
469 3360 546 3416 quae
566 3347 686 3399 nostros
708 3341 819 3401 solitae
841 3343 972 3402 mulcere
993 3344 1126 3416 labores,

342 3425 391 3483 Ad
414 3444 490 3500 quas
513 3426 680 3503 perfugium
703 3427 785 3486 duris
808 3428 838 3485 in
857 3429 947 3492 rebus
968 3430 1128 3501 habebam,

342 3508 535 3568 Praednxere
558 3511 648 3571 situm
671 3512 860 3587 squalentem
883 3532 919 3570 ac
938 3515 1044 3573 nubila
1062 3514 1169 3586 menti,

342 3591 410 3652 Nec
429 3613 499 3652 mea
519 3604 699 3672 responsant
719 3596 828 3656 faciles
851 3598 889 3655 ad
907 3607 981 3656 vota
1002 3598 1168 3660 Camenae:

344 3676 481 3757 Septima
501 3680 561 3737 iam
585 3683 682 3740 reficit
702 3682 841 3741 Lunares
862 3683 960 3741 orbita
980 3685 1126 3761 cursus[,]

343 3762 419 3823 Cum
440 3764 523 3821 dirae
546 3767 649 3827 mortis
670 3767 806 3845 trepidas
827 3767 901 3826 mihi
923 3769 1049 3829 nuncius
1071 3786 1160 3827 aurea
