<?xml version="1.0" encoding="UTF-8"?>
<!DOCTYPE html PUBLIC "-//W3C//DTD XHTML 1.0 Transitional//EN"
    "http://www.w3.org/TR/xhtml1/DTD/xhtml1-transitional.dtd">
<html xmlns="http://www.w3.org/1999/xhtml" xml:lang="en" lang="en">
 <head>
  <title>
</title>
<meta http-equiv="Content-Type" content="text/html;charset=utf-8" />
  <meta name='ocr-system' content='tesseract 3.04.00' />
  <meta name='ocr-capabilities' content='ocr_page ocr_carea ocr_par ocr_line ocrx_word'/>
</head>
<body>
  <div class='ocr_page' id='page_1' title='image "./poemataomnia00scalgoog_0214.png"; bbox 0 0 2884 4650; ppageno 0'>
   <div class='ocr_carea' id='block_1_1' title="bbox 653 543 710 605">
    <p class='ocr_par' dir='ltr' id='par_1_1' title="bbox 653 543 710 605">
     <span class='ocr_line' id='line_1_1' title="bbox 653 543 710 605; baseline -0.035 0"><span class='ocrx_word' id='word_1_1' title='bbox 653 543 710 605; x_wconf 71' lang='lat'>195</span> 
     </span>
    </p>
   </div>
   <div class='ocr_carea' id='block_1_2' title="bbox 148 704 1134 1214">
    <p class='ocr_par' dir='ltr' id='par_1_2' title="bbox 218 704 1134 877">
     <span class='ocr_line' id='line_1_2' title="bbox 218 704 1134 797; baseline 0.009 -27"><span class='ocrx_word' id='word_1_2' title='bbox 218 709 313 785; x_wconf 47' lang='lat'>224.</span> <span class='ocrx_word' id='word_1_3' title='bbox 334 704 367 769; x_wconf 84' lang='grc' dir='ltr'>εί</span> <span class='ocrx_word' id='word_1_4' title='bbox 382 728 410 768; x_wconf 95' lang='grc' dir='ltr'>τι</span> <span class='ocrx_word' id='word_1_5' title='bbox 428 728 485 788; x_wconf 84' lang='grc' dir='ltr'>περ</span> <span class='ocrx_word' id='word_1_6' title='bbox 510 708 660 794; x_wconf 79' lang='grc' dir='ltr'>ἀντιβολῶ</span> <span class='ocrx_word' id='word_1_7' title='bbox 681 712 794 777; x_wconf 80' lang='grc' dir='ltr'>δειλῶς</span> <span class='ocrx_word' id='word_1_8' title='bbox 807 712 863 771; x_wconf 82' lang='grc' dir='ltr'>σοῦ</span> <span class='ocrx_word' id='word_1_9' title='bbox 876 711 1030 793; x_wconf 85' lang='grc' dir='ltr'>γράμματι</span> <span class='ocrx_word' id='word_1_10' title='bbox 1042 712 1134 797; x_wconf 70' lang='grc' dir='ltr'>βαιῷ,</span> 
     </span>
     <span class='ocr_line' id='line_1_3' title="bbox 267 789 1001 877; baseline 0.008 -25"><span class='ocrx_word' id='word_1_11' title='bbox 267 792 304 875; x_wconf 80' lang='grc' dir='ltr'>ἦν</span> <span class='ocrx_word' id='word_1_12' title='bbox 328 792 369 875; x_wconf 84' lang='grc' dir='ltr'>μὴ</span> <span class='ocrx_word' id='word_1_13' title='bbox 392 791 515 859; x_wconf 80' lang='grc' dir='ltr'>ἀναιδὲς</span> <span class='ocrx_word' id='word_1_14' title='bbox 540 789 615 874; x_wconf 88' lang='grc' dir='ltr'>άγαν</span> <span class='ocrx_word' id='word_1_15' title='bbox 637 790 659 877; x_wconf 72' lang='grc' dir='ltr'><strong>ᾗ</strong></span> <span class='ocrx_word' id='word_1_16' title='bbox 681 797 715 858; x_wconf 90' lang='grc' dir='ltr'>τδ</span> <span class='ocrx_word' id='word_1_17' title='bbox 742 792 881 876; x_wconf 85' lang='grc' dir='ltr'>δέημα[,]</span> <span class='ocrx_word' id='word_1_18' title='bbox 905 795 1001 858; x_wconf 84' lang='grc' dir='ltr'>δίδου.</span> 
     </span>
    </p>

    <p class='ocr_par' dir='ltr' id='par_1_3' title="bbox 215 876 1031 1045">
     <span class='ocr_line' id='line_1_4' title="bbox 215 876 1031 1045; baseline 0.025 -35"><span class='ocrx_word' id='word_1_19' title='bbox 215 876 444 1045; x_wconf 50' lang='grc' dir='ltr'>,κίίλβίῗί</span> <span class='ocrx_word' id='word_1_20' title='bbox 467 876 1031 1030; x_wconf 47' lang='lat' dir='ltr'>23‘0‘232‘30321252222mm·</span> 
     </span>
    </p>

    <p class='ocr_par' dir='ltr' id='par_1_4' title="bbox 148 983 1043 1131">
     <span class='ocr_line' id='line_1_5' title="bbox 148 983 1043 1131; baseline 0.004 -24"><span class='ocrx_word' id='word_1_21' title='bbox 148 1038 153 1042; x_wconf 63' lang='grc'><strong>’</strong></span> <span class='ocrx_word' id='word_1_22' title='bbox 223 983 324 1129; x_wconf 53' lang='grc' dir='ltr'>οἰνγῖυό</span> <span class='ocrx_word' id='word_1_23' title='bbox 346 983 536 1130; x_wconf 52' lang='grc' dir='ltr'>θεῶίρκόγρριρ</span> <span class='ocrx_word' id='word_1_24' title='bbox 556 1046 607 1108; x_wconf 84' lang='grc' dir='ltr'>καὶ</span> <span class='ocrx_word' id='word_1_25' title='bbox 620 986 729 1131; x_wconf 47' lang='grc' dir='ltr'>,λόὶγίδιρ</span> <span class='ocrx_word' id='word_1_26' title='bbox 748 1007 871 1110; x_wconf 85' lang='grc' dir='ltr'>δέίκελα</span> <span class='ocrx_word' id='word_1_27' title='bbox 892 1009 1043 1125; x_wconf 76' lang='grc' dir='ltr'>πλάττάιν,</span> 
     </span>
    </p>

    <p class='ocr_par' dir='ltr' id='par_1_5' title="bbox 268 1127 952 1214">
     <span class='ocr_line' id='line_1_6' title="bbox 268 1127 952 1214; baseline 0 -22"><span class='ocrx_word' id='word_1_28' title='bbox 268 1128 349 1192; x_wconf 87' lang='grc' dir='ltr'>ἀλλά</span> <span class='ocrx_word' id='word_1_29' title='bbox 373 1127 467 1196; x_wconf 76' lang='grc' dir='ltr'>θεοὺς</span> <span class='ocrx_word' id='word_1_30' title='bbox 490 1135 574 1193; x_wconf 89' lang='grc' dir='ltr'>ποιεῖ</span> <span class='ocrx_word' id='word_1_31' title='bbox 593 1136 706 1212; x_wconf 78' lang='grc' dir='ltr'>μοῦνος</span> <span class='ocrx_word' id='word_1_32' title='bbox 725 1134 740 1195; x_wconf 86' lang='grc' dir='ltr'>δ</span> <span class='ocrx_word' id='word_1_33' title='bbox 762 1130 952 1214; x_wconf 82' lang='grc' dir='ltr'>λισσόμενος.</span> 
     </span>
    </p>
   </div>
   <div class='ocr_carea' id='block_1_3' title="bbox 224 1288 1114 1973">
    <p class='ocr_par' dir='ltr' id='par_1_6' title="bbox 224 1288 1114 1465">
     <span class='ocr_line' id='line_1_7' title="bbox 224 1288 1114 1383; baseline 0.002 -22"><span class='ocrx_word' id='word_1_34' title='bbox 224 1301 313 1374; x_wconf 81' lang='grc' dir='ltr'>2,9ί.</span> <span class='ocrx_word' id='word_1_35' title='bbox 336 1294 428 1381; x_wconf 78' lang='grc' dir='ltr'>εὖχος</span> <span class='ocrx_word' id='word_1_36' title='bbox 445 1300 499 1359; x_wconf 81' lang='grc' dir='ltr'>τοῦ</span> <span class='ocrx_word' id='word_1_37' title='bbox 516 1294 644 1379; x_wconf 86' lang='grc' dir='ltr'>κόσμου,</span> <span class='ocrx_word' id='word_1_38' title='bbox 660 1303 719 1360; x_wconf 88' lang='grc' dir='ltr'>τῶν</span> <span class='ocrx_word' id='word_1_39' title='bbox 741 1298 846 1377; x_wconf 83' lang='grc' dir='ltr'>ὄντων,</span> <span class='ocrx_word' id='word_1_40' title='bbox 858 1288 1114 1383; x_wconf 78' lang='grc' dir='ltr'>Καῖσαρ,ἔρομα,</span> 
     </span>
     <span class='ocr_line' id='line_1_8' title="bbox 268 1379 963 1465; baseline 0 -20"><span class='ocrx_word' id='word_1_41' title='bbox 268 1381 305 1445; x_wconf 81' lang='grc' dir='ltr'>οὗ</span> <span class='ocrx_word' id='word_1_42' title='bbox 325 1380 502 1463; x_wconf 77' lang='grc' dir='ltr'>πιδόμεσθα</span> <span class='ocrx_word' id='word_1_43' title='bbox 521 1379 624 1443; x_wconf 78' lang='grc' dir='ltr'>πέλειν</span> <span class='ocrx_word' id='word_1_44' title='bbox 647 1382 838 1465; x_wconf 76' lang='grc' dir='ltr'>σωζομένοιο</span> <span class='ocrx_word' id='word_1_45' title='bbox 860 1382 963 1458; x_wconf 80' lang='grc' dir='ltr'>θεοὺς,</span> 
     </span>
    </p>

    <p class='ocr_par' dir='ltr' id='par_1_7' title="bbox 224 1463 920 1635">
     <span class='ocr_line' id='line_1_9' title="bbox 224 1463 920 1551; baseline 0.003 -22"><span class='ocrx_word' id='word_1_46' title='bbox 224 1467 254 1529; x_wconf 91' lang='grc' dir='ltr'>εἰ</span> <span class='ocrx_word' id='word_1_47' title='bbox 276 1470 332 1529; x_wconf 81' lang='grc' dir='ltr'>σοῦ</span> <span class='ocrx_word' id='word_1_48' title='bbox 352 1464 423 1533; x_wconf 85' lang='grc' dir='ltr'>τοὺς</span> <span class='ocrx_word' id='word_1_49' title='bbox 443 1463 553 1532; x_wconf 87' lang='grc' dir='ltr'>ὅσσους</span> <span class='ocrx_word' id='word_1_50' title='bbox 575 1466 920 1551; x_wconf 78' lang='grc' dir='ltr'>αδτοσχεδίοιοπόνοιο</span> 
     </span>
     <span class='ocr_line' id='line_1_10' title="bbox 289 1547 920 1635; baseline 0.002 -23"><span class='ocrx_word' id='word_1_51' title='bbox 289 1549 362 1635; x_wconf 74' lang='grc' dir='ltr'>ιβλί</span> <span class='ocrx_word' id='word_1_52' title='bbox 385 1547 566 1630; x_wconf 71' lang='grc' dir='ltr'>ἀναγνόντος</span> <span class='ocrx_word' id='word_1_53' title='bbox 581 1550 691 1621; x_wconf 76' lang='grc' dir='ltr'>θέλξαν</span> <span class='ocrx_word' id='word_1_54' title='bbox 712 1552 815 1615; x_wconf 84' lang='grc' dir='ltr'>ἀοιδαὶ</span> <span class='ocrx_word' id='word_1_55' title='bbox 837 1552 920 1635; x_wconf 81' lang='grc' dir='ltr'>ἐμαί,</span> 
     </span>
    </p>

    <p class='ocr_par' dir='ltr' id='par_1_8' title="bbox 224 1553 1035 1803">
     <span class='ocr_line' id='line_1_11' title="bbox 224 1553 1035 1719; baseline -0.002 -20"><span class='ocrx_word' id='word_1_56' title='bbox 224 1635 244 1699; x_wconf 85' lang='grc' dir='ltr'>ό</span> <span class='ocrx_word' id='word_1_57' title='bbox 262 1553 321 1719; x_wconf 61' lang='grc' dir='ltr'>ἀρα</span> <span class='ocrx_word' id='word_1_58' title='bbox 342 1632 419 1717; x_wconf 81' lang='grc' dir='ltr'>τύχη</span> <span class='ocrx_word' id='word_1_59' title='bbox 440 1635 574 1711; x_wconf 87' lang='grc' dir='ltr'>κώλοσε,</span> <span class='ocrx_word' id='word_1_60' title='bbox 595 1636 696 1698; x_wconf 87' lang='grc' dir='ltr'>δοκεῖν</span> <span class='ocrx_word' id='word_1_61' title='bbox 718 1636 847 1719; x_wconf 83' lang='grc' dir='ltr'>ποίησον</span> <span class='ocrx_word' id='word_1_62' title='bbox 872 1634 921 1719; x_wconf 86' lang='grc' dir='ltr'>ἔμ’</span> <span class='ocrx_word' id='word_1_63' title='bbox 947 1632 1035 1713; x_wconf 86' lang='grc' dir='ltr'>εἰναι,</span> 
     </span>
     <span class='ocr_line' id='line_1_12' title="bbox 268 1717 903 1803; baseline -0.002 -21"><span class='ocrx_word' id='word_1_64' title='bbox 268 1722 349 1782; x_wconf 83' lang='grc' dir='ltr'>ὥστε</span> <span class='ocrx_word' id='word_1_65' title='bbox 370 1717 545 1789; x_wconf 76' lang='grc' dir='ltr'>κλείζεσδαι</span> <span class='ocrx_word' id='word_1_66' title='bbox 565 1720 749 1801; x_wconf 72' lang='grc' dir='ltr'>παιδογόνον</span> <span class='ocrx_word' id='word_1_67' title='bbox 773 1721 903 1803; x_wconf 88' lang='grc' dir='ltr'>τριάδος.</span> 
     </span>
    </p>

    <p class='ocr_par' dir='ltr' id='par_1_9' title="bbox 225 1801 1061 1973">
     <span class='ocr_line' id='line_1_13' title="bbox 225 1801 1061 1889; baseline 0 -22"><span class='ocrx_word' id='word_1_68' title='bbox 225 1802 284 1887; x_wconf 78' lang='grc' dir='ltr'>εἴγ’</span> <span class='ocrx_word' id='word_1_69' title='bbox 306 1803 362 1867; x_wconf 81' lang='grc' dir='ltr'>οὐκ</span> <span class='ocrx_word' id='word_1_70' title='bbox 381 1801 481 1886; x_wconf 82' lang='grc' dir='ltr'>ἤρεσα</span> <span class='ocrx_word' id='word_1_71' title='bbox 504 1804 562 1881; x_wconf 86' lang='grc' dir='ltr'>σοὶ,</span> <span class='ocrx_word' id='word_1_72' title='bbox 582 1804 655 1867; x_wconf 84' lang='grc' dir='ltr'>τόδε</span> <span class='ocrx_word' id='word_1_73' title='bbox 678 1806 730 1889; x_wconf 88' lang='grc' dir='ltr'>μοὶ</span> <span class='ocrx_word' id='word_1_74' title='bbox 751 1805 945 1887; x_wconf 79' lang='grc' dir='ltr'>παραμύθιον</span> <span class='ocrx_word' id='word_1_75' title='bbox 970 1802 1061 1867; x_wconf 84' lang='grc' dir='ltr'>ἔστω.</span> 
     </span>
     <span class='ocr_line' id='line_1_14' title="bbox 268 1884 1035 1973; baseline -0.003 -22"><span class='ocrx_word' id='word_1_76' title='bbox 268 1889 296 1951; x_wconf 89' lang='grc' dir='ltr'>εἰ</span> <span class='ocrx_word' id='word_1_77' title='bbox 319 1887 354 1950; x_wconf 85' lang='grc' dir='ltr'>δέ</span> <span class='ocrx_word' id='word_1_78' title='bbox 375 1909 424 1949; x_wconf 91' lang='grc' dir='ltr'>σοι</span> <span class='ocrx_word' id='word_1_79' title='bbox 444 1885 545 1970; x_wconf 75' lang='grc' dir='ltr'>ἤρετ’,</span> <span class='ocrx_word' id='word_1_80' title='bbox 567 1887 637 1971; x_wconf 83' lang='grc' dir='ltr'>ἐμοὶ</span> <span class='ocrx_word' id='word_1_81' title='bbox 659 1886 750 1953; x_wconf 53' lang='grc' dir='ltr'>ταῦτζ</span> <span class='ocrx_word' id='word_1_82' title='bbox 773 1888 913 1973; x_wconf 78' lang='grc' dir='ltr'>ἐπίχειρα</span> <span class='ocrx_word' id='word_1_83' title='bbox 937 1884 1035 1951; x_wconf 81' lang='grc' dir='ltr'>πέλοι.</span> 
     </span>
    </p>
   </div>
   <div class='ocr_carea' id='block_1_4' title="bbox 214 2052 1133 2732">
    <p class='ocr_par' dir='ltr' id='par_1_10' title="bbox 225 2052 1133 2225">
     <span class='ocr_line' id='line_1_15' title="bbox 225 2052 1133 2141; baseline -0.003 -21"><span class='ocrx_word' id='word_1_84' title='bbox 225 2059 313 2133; x_wconf 83' lang='grc'>9,18.</span> <span class='ocrx_word' id='word_1_85' title='bbox 334 2052 411 2117; x_wconf 88' lang='grc' dir='ltr'>ἔστιν</span> <span class='ocrx_word' id='word_1_86' title='bbox 425 2055 495 2138; x_wconf 78' lang='grc' dir='ltr'>ἐμοὶ</span> <span class='ocrx_word' id='word_1_87' title='bbox 504 2057 569 2135; x_wconf 89' lang='grc' dir='ltr'>(καὶ</span> <span class='ocrx_word' id='word_1_88' title='bbox 582 2057 675 2140; x_wconf 83' lang='grc' dir='ltr'>δηρὸν</span> <span class='ocrx_word' id='word_1_89' title='bbox 690 2055 738 2119; x_wconf 86' lang='grc' dir='ltr'>ἔοι</span> <span class='ocrx_word' id='word_1_90' title='bbox 748 2052 950 2139; x_wconf 88' lang='grc' dir='ltr'>σέο,Καῖσαρ,</span> <span class='ocrx_word' id='word_1_91' title='bbox 960 2054 1011 2117; x_wconf 86' lang='grc' dir='ltr'>ἐπ’</span> <span class='ocrx_word' id='word_1_92' title='bbox 1023 2056 1133 2141; x_wconf 79' lang='grc' dir='ltr'>ἀρχῆς)</span> 
     </span>
     <span class='ocr_line' id='line_1_16' title="bbox 266 2139 964 2225; baseline 0 -22"><span class='ocrx_word' id='word_1_93' title='bbox 266 2141 382 2225; x_wconf 77' lang='grc' dir='ltr'>γήδιον,</span> <span class='ocrx_word' id='word_1_94' title='bbox 406 2140 437 2202; x_wconf 83' lang='grc' dir='ltr'>ἐν</span> <span class='ocrx_word' id='word_1_95' title='bbox 458 2141 493 2202; x_wconf 86' lang='grc' dir='ltr'>δὲ</span> <span class='ocrx_word' id='word_1_96' title='bbox 513 2139 604 2202; x_wconf 88' lang='grc' dir='ltr'>πόλει</span> <span class='ocrx_word' id='word_1_97' title='bbox 628 2142 680 2204; x_wconf 84' lang='grc' dir='ltr'>καὶ</span> <span class='ocrx_word' id='word_1_98' title='bbox 703 2142 809 2224; x_wconf 84' lang='grc' dir='ltr'>μικρὸν</span> <span class='ocrx_word' id='word_1_99' title='bbox 828 2140 964 2223; x_wconf 82' lang='grc' dir='ltr'>οἰκίδιον.</span> 
     </span>
    </p>

    <p class='ocr_par' dir='ltr' id='par_1_11' title="bbox 224 2223 1062 2396">
     <span class='ocr_line' id='line_1_17' title="bbox 224 2223 1062 2309; baseline 0.001 -21"><span class='ocrx_word' id='word_1_100' title='bbox 224 2226 396 2309; x_wconf 85' lang='grc' dir='ltr'>όργανικοῖς</span> <span class='ocrx_word' id='word_1_101' title='bbox 417 2225 451 2287; x_wconf 82' lang='grc' dir='ltr'>δὲ</span> <span class='ocrx_word' id='word_1_102' title='bbox 469 2223 574 2292; x_wconf 88' lang='grc' dir='ltr'>πόνοις</span> <span class='ocrx_word' id='word_1_103' title='bbox 593 2226 698 2309; x_wconf 80' lang='grc' dir='ltr'>ὀλίγης</span> <span class='ocrx_word' id='word_1_104' title='bbox 719 2226 779 2288; x_wconf 81' lang='grc' dir='ltr'>ἀπὸ</span> <span class='ocrx_word' id='word_1_105' title='bbox 801 2229 883 2307; x_wconf 85' lang='grc' dir='ltr'>νᾶμα</span> <span class='ocrx_word' id='word_1_106' title='bbox 905 2224 1062 2309; x_wconf 81' lang='grc' dir='ltr'>φάραγγος</span> 
     </span>
     <span class='ocr_line' id='line_1_18' title="bbox 267 2308 930 2396; baseline -0.003 -23"><span class='ocrx_word' id='word_1_107' title='bbox 267 2310 398 2386; x_wconf 84' lang='grc' dir='ltr'>ἕλκεται,</span> <span class='ocrx_word' id='word_1_108' title='bbox 421 2309 496 2372; x_wconf 82' lang='grc' dir='ltr'>ὥστ’</span> <span class='ocrx_word' id='word_1_109' title='bbox 511 2308 612 2393; x_wconf 85' lang='grc' dir='ltr'>ἄρδειν</span> <span class='ocrx_word' id='word_1_110' title='bbox 633 2310 763 2396; x_wconf 85' lang='grc' dir='ltr'>ὄρχατον</span> <span class='ocrx_word' id='word_1_111' title='bbox 784 2308 930 2382; x_wconf 74' lang='grc' dir='ltr'>ἀζαλέον.</span> 
     </span>
    </p>

    <p class='ocr_par' dir='ltr' id='par_1_12' title="bbox 225 2393 1048 2563">
     <span class='ocr_line' id='line_1_19' title="bbox 225 2393 1048 2479; baseline -0.004 -20"><span class='ocrx_word' id='word_1_112' title='bbox 225 2393 298 2459; x_wconf 79' lang='grc' dir='ltr'>ἀλλ’</span> <span class='ocrx_word' id='word_1_113' title='bbox 318 2396 335 2458; x_wconf 86' lang='grc' dir='ltr'>ό</span> <span class='ocrx_word' id='word_1_114' title='bbox 356 2393 452 2477; x_wconf 93' lang='grc' dir='ltr'>δόμος</span> <span class='ocrx_word' id='word_1_115' title='bbox 472 2395 580 2479; x_wconf 80' lang='grc' dir='ltr'>διψῶν,</span> <span class='ocrx_word' id='word_1_116' title='bbox 604 2395 649 2458; x_wconf 85' lang='grc' dir='ltr'>ότι</span> <span class='ocrx_word' id='word_1_117' title='bbox 673 2418 720 2478; x_wconf 87' lang='grc' dir='ltr'>μιν</span> <span class='ocrx_word' id='word_1_118' title='bbox 742 2396 825 2479; x_wconf 82' lang='grc' dir='ltr'>ῥανὶς</span> <span class='ocrx_word' id='word_1_119' title='bbox 847 2393 928 2462; x_wconf 81' lang='grc' dir='ltr'>οὔτις</span> <span class='ocrx_word' id='word_1_120' title='bbox 951 2394 1048 2471; x_wconf 90' lang='grc' dir='ltr'>ἰαίνει,</span> 
     </span>
     <span class='ocr_line' id='line_1_20' title="bbox 265 2478 981 2563; baseline -0.001 -22"><span class='ocrx_word' id='word_1_121' title='bbox 265 2479 365 2541; x_wconf 85' lang='grc' dir='ltr'>κλαίει</span> <span class='ocrx_word' id='word_1_122' title='bbox 386 2478 494 2563; x_wconf 91' lang='grc' dir='ltr'>καίπερ</span> <span class='ocrx_word' id='word_1_123' title='bbox 518 2479 601 2563; x_wconf 80' lang='grc' dir='ltr'>ὕδωρ</span> <span class='ocrx_word' id='word_1_124' title='bbox 624 2478 759 2563; x_wconf 82' lang='grc' dir='ltr'>Μάρτιον</span> <span class='ocrx_word' id='word_1_125' title='bbox 781 2479 868 2562; x_wconf 82' lang='grc' dir='ltr'>ἐγγδς</span> <span class='ocrx_word' id='word_1_126' title='bbox 888 2479 981 2563; x_wconf 85' lang='grc' dir='ltr'>ἔχων.</span> 
     </span>
    </p>

    <p class='ocr_par' dir='ltr' id='par_1_13' title="bbox 214 2561 1114 2732">
     <span class='ocr_line' id='line_1_21' title="bbox 214 2561 1114 2649; baseline 0 -24"><span class='ocrx_word' id='word_1_127' title='bbox 214 2563 260 2646; x_wconf 62' lang='grc' dir='ltr'>,ἣν</span> <span class='ocrx_word' id='word_1_128' title='bbox 282 2562 387 2648; x_wconf 82' lang='grc' dir='ltr'>λιβάδ’</span> <span class='ocrx_word' id='word_1_129' title='bbox 406 2562 578 2647; x_wconf 77' lang='grc' dir='ltr'>ἡμετέροις,</span> <span class='ocrx_word' id='word_1_130' title='bbox 597 2561 732 2647; x_wconf 83' lang='grc' dir='ltr'>Καῖσαρ,</span> <span class='ocrx_word' id='word_1_131' title='bbox 759 2565 933 2647; x_wconf 84' lang='grc' dir='ltr'>μεγάροισιν</span> <span class='ocrx_word' id='word_1_132' title='bbox 958 2563 1114 2649; x_wconf 25' lang='grc' dir='ltr'>όπάσγσεγις,</span> 
     </span>
     <span class='ocr_line' id='line_1_22' title="bbox 266 2644 1005 2732; baseline 0 -23"><span class='ocrx_word' id='word_1_133' title='bbox 266 2644 421 2723; x_wconf 85' lang='grc' dir='ltr'>Κασταλὶς</span> <span class='ocrx_word' id='word_1_134' title='bbox 439 2647 491 2730; x_wconf 81' lang='grc' dir='ltr'>ἥδ’</span> <span class='ocrx_word' id='word_1_135' title='bbox 513 2644 599 2710; x_wconf 84' lang='grc' dir='ltr'>ἔσται</span> <span class='ocrx_word' id='word_1_136' title='bbox 617 2649 668 2711; x_wconf 84' lang='grc' dir='ltr'>καὶ</span> <span class='ocrx_word' id='word_1_137' title='bbox 690 2649 762 2716; x_wconf 83' lang='grc' dir='ltr'>Διὸς</span> <span class='ocrx_word' id='word_1_138' title='bbox 786 2646 901 2732; x_wconf 84' lang='grc' dir='ltr'>ὄμβρος</span> <span class='ocrx_word' id='word_1_139' title='bbox 927 2647 1005 2730; x_wconf 85' lang='grc' dir='ltr'>ἐμοί.</span> 
     </span>
    </p>
   </div>
   <div class='ocr_carea' id='block_1_5' title="bbox 224 2815 1133 3902">
    <p class='ocr_par' dir='ltr' id='par_1_14' title="bbox 224 2815 1133 2986">
     <span class='ocr_line' id='line_1_23' title="bbox 224 2815 1133 2901; baseline 0.002 -23"><span class='ocrx_word' id='word_1_140' title='bbox 224 2817 316 2892; x_wconf 84' lang='grc'>6,10.</span> <span class='ocrx_word' id='word_1_141' title='bbox 344 2818 395 2878; x_wconf 84' lang='grc' dir='ltr'>τὸν</span> <span class='ocrx_word' id='word_1_142' title='bbox 416 2816 475 2878; x_wconf 88' lang='grc' dir='ltr'>Δία</span> <span class='ocrx_word' id='word_1_143' title='bbox 492 2817 635 2900; x_wconf 87' lang='grc' dir='ltr'>χιλιάδας</span> <span class='ocrx_word' id='word_1_144' title='bbox 657 2817 778 2900; x_wconf 88' lang='grc' dir='ltr'>παόρας</span> <span class='ocrx_word' id='word_1_145' title='bbox 805 2817 937 2880; x_wconf 79' lang='grc' dir='ltr'>αἰτοῦντι</span> <span class='ocrx_word' id='word_1_146' title='bbox 961 2839 1013 2900; x_wconf 92' lang='grc' dir='ltr'>μοι</span> <span class='ocrx_word' id='word_1_147' title='bbox 1033 2815 1133 2901; x_wconf 85' lang='grc' dir='ltr'>ἀκμὴν</span> 
     </span>
     <span class='ocr_line' id='line_1_24' title="bbox 268 2899 991 2986; baseline 0.004 -25"><span class='ocrx_word' id='word_1_148' title='bbox 268 2900 316 2961; x_wconf 82' lang='grc' dir='ltr'>σοὶ</span> <span class='ocrx_word' id='word_1_149' title='bbox 339 2899 431 2979; x_wconf 83' lang='grc' dir='ltr'>δότω,</span> <span class='ocrx_word' id='word_1_150' title='bbox 450 2900 532 2969; x_wconf 83' lang='grc' dir='ltr'>ὅστις</span> <span class='ocrx_word' id='word_1_151' title='bbox 554 2901 634 2984; x_wconf 83' lang='grc' dir='ltr'>ἐμοὶ,</span> <span class='ocrx_word' id='word_1_152' title='bbox 656 2903 757 2986; x_wconf 80' lang='grc' dir='ltr'>φησὶν,</span> <span class='ocrx_word' id='word_1_153' title='bbox 780 2900 879 2964; x_wconf 86' lang='grc' dir='ltr'>ἔδωκε</span> <span class='ocrx_word' id='word_1_154' title='bbox 902 2903 991 2964; x_wconf 84' lang='grc' dir='ltr'>νεών.</span> 
     </span>
    </p>

    <p class='ocr_par' dir='ltr' id='par_1_15' title="bbox 224 2982 1027 3154">
     <span class='ocr_line' id='line_1_25' title="bbox 224 2982 1027 3070; baseline 0.005 -26"><span class='ocrx_word' id='word_1_155' title='bbox 224 2982 268 3068; x_wconf 75' lang='grc' dir='ltr'>τῷ</span> <span class='ocrx_word' id='word_1_156' title='bbox 287 2983 337 3046; x_wconf 81' lang='grc' dir='ltr'>Διῒ</span> <span class='ocrx_word' id='word_1_157' title='bbox 362 2985 442 3047; x_wconf 86' lang='grc' dir='ltr'>δῶκε</span> <span class='ocrx_word' id='word_1_158' title='bbox 465 2988 542 3048; x_wconf 83' lang='grc' dir='ltr'>νεὼν</span> <span class='ocrx_word' id='word_1_159' title='bbox 566 2987 632 3066; x_wconf 79' lang='grc' dir='ltr'>μὲν,</span> <span class='ocrx_word' id='word_1_160' title='bbox 653 2987 729 3070; x_wconf 90' lang='grc' dir='ltr'>ἀτάρ</span> <span class='ocrx_word' id='word_1_161' title='bbox 754 3008 806 3069; x_wconf 92' lang='grc' dir='ltr'>μοι</span> <span class='ocrx_word' id='word_1_162' title='bbox 827 2984 943 3070; x_wconf 80' lang='grc' dir='ltr'>χιλιάδ’</span> <span class='ocrx_word' id='word_1_163' title='bbox 966 2983 1027 3069; x_wconf 74' lang='grc' dir='ltr'>ἤδη</span> 
     </span>
     <span class='ocr_line' id='line_1_26' title="bbox 268 3066 955 3154; baseline 0.001 -23"><span class='ocrx_word' id='word_1_164' title='bbox 268 3066 381 3131; x_wconf 86' lang='grc' dir='ltr'>οὔτινα.</span> <span class='ocrx_word' id='word_1_165' title='bbox 400 3070 494 3154; x_wconf 78' lang='grc' dir='ltr'>παῦρ’</span> <span class='ocrx_word' id='word_1_166' title='bbox 516 3072 608 3134; x_wconf 81' lang='grc' dir='ltr'>αἰτεῖν</span> <span class='ocrx_word' id='word_1_167' title='bbox 631 3074 681 3135; x_wconf 82' lang='grc' dir='ltr'>τὸν</span> <span class='ocrx_word' id='word_1_168' title='bbox 705 3071 777 3134; x_wconf 77' lang='grc' dir='ltr'>θεὸν</span> <span class='ocrx_word' id='word_1_169' title='bbox 803 3070 955 3152; x_wconf 81' lang='grc' dir='ltr'>αἰδέομαι.</span> 
     </span>
    </p>

    <p class='ocr_par' dir='ltr' id='par_1_16' title="bbox 225 3152 1075 3325">
     <span class='ocr_line' id='line_1_27' title="bbox 225 3152 1075 3238; baseline -0.002 -21"><span class='ocrx_word' id='word_1_170' title='bbox 225 3153 298 3217; x_wconf 78' lang='grc' dir='ltr'>ἀλλ’</span> <span class='ocrx_word' id='word_1_171' title='bbox 319 3156 362 3223; x_wconf 82' lang='grc' dir='ltr'>ὡς</span> <span class='ocrx_word' id='word_1_172' title='bbox 383 3153 534 3238; x_wconf 84' lang='grc' dir='ltr'>ἀνέφελος</span> <span class='ocrx_word' id='word_1_173' title='bbox 556 3179 599 3232; x_wconf 89' lang='grc' dir='ltr'>τε,</span> <span class='ocrx_word' id='word_1_174' title='bbox 617 3157 669 3220; x_wconf 92' lang='grc' dir='ltr'>καὶ</span> <span class='ocrx_word' id='word_1_175' title='bbox 689 3159 733 3224; x_wconf 88' lang='grc' dir='ltr'>ίος</span> <span class='ocrx_word' id='word_1_176' title='bbox 754 3157 923 3237; x_wconf 88' lang='grc' dir='ltr'>ἀτάμακτος</span> <span class='ocrx_word' id='word_1_177' title='bbox 945 3152 1075 3232; x_wconf 79' lang='grc' dir='ltr'>ἰδέσθαι,</span> 
     </span>
     <span class='ocr_line' id='line_1_28' title="bbox 268 3236 968 3325; baseline 0 -26"><span class='ocrx_word' id='word_1_178' title='bbox 268 3241 310 3305; x_wconf 81' lang='grc' dir='ltr'>ὡς</span> <span class='ocrx_word' id='word_1_179' title='bbox 332 3236 480 3320; x_wconf 74' lang='grc' dir='ltr'>ἀδόκητος</span> <span class='ocrx_word' id='word_1_180' title='bbox 502 3239 580 3322; x_wconf 81' lang='grc' dir='ltr'>ἐμάς</span> <span class='ocrx_word' id='word_1_181' title='bbox 594 3239 713 3325; x_wconf 70' lang='grc' dir='ltr'>πρόσθε</span> <span class='ocrx_word' id='word_1_182' title='bbox 732 3239 855 3304; x_wconf 78' lang='grc' dir='ltr'>δέδεντο</span> <span class='ocrx_word' id='word_1_183' title='bbox 878 3239 968 3306; x_wconf 91' lang='grc' dir='ltr'>λιτάς.</span> 
     </span>
    </p>

    <p class='ocr_par' dir='ltr' id='par_1_17' title="bbox 224 3323 980 3478">
     <span class='ocr_line' id='line_1_29' title="bbox 224 3323 948 3408; baseline -0.001 -25"><span class='ocrx_word' id='word_1_184' title='bbox 224 3325 306 3390; x_wconf 86' lang='grc' dir='ltr'>τοῖος</span> <span class='ocrx_word' id='word_1_185' title='bbox 324 3325 387 3390; x_wconf 83' lang='grc' dir='ltr'>τοῖς</span> <span class='ocrx_word' id='word_1_186' title='bbox 406 3323 515 3388; x_wconf 84' lang='grc' dir='ltr'>Δακῶν</span> <span class='ocrx_word' id='word_1_187' title='bbox 540 3324 650 3393; x_wconf 84' lang='grc' dir='ltr'>ἱκέταις</span> <span class='ocrx_word' id='word_1_188' title='bbox 671 3325 807 3408; x_wconf 82' lang='grc' dir='ltr'>διάδημα</span> <span class='ocrx_word' id='word_1_189' title='bbox 830 3323 948 3397; x_wconf 86' lang='grc' dir='ltr'>δίδωσι,</span> 
     </span>
     <span class='ocr_line' id='line_1_30' title="bbox 266 3403 980 3478; baseline -0.004 -10"><span class='ocrx_word' id='word_1_190' title='bbox 266 3405 319 3474; x_wconf 83' lang='grc' dir='ltr'>τὰς</span> <span class='ocrx_word' id='word_1_191' title='bbox 342 3404 573 3478; x_wconf 85' lang='grc' dir='ltr'>Καπιτωλείους</span> <span class='ocrx_word' id='word_1_192' title='bbox 598 3408 628 3472; x_wconf 76' lang='grc' dir='ltr'>τ’</span> <span class='ocrx_word' id='word_1_193' title='bbox 646 3409 719 3472; x_wconf 83' lang='grc' dir='ltr'>εἶσιν</span> <span class='ocrx_word' id='word_1_194' title='bbox 743 3409 854 3472; x_wconf 88' lang='grc' dir='ltr'>άνεισιν</span> <span class='ocrx_word' id='word_1_195' title='bbox 880 3403 980 3470; x_wconf 85' lang='grc' dir='ltr'>όδοίις.</span> 
     </span>
    </p>

    <p class='ocr_par' dir='ltr' id='par_1_18' title="bbox 225 3489 925 3663">
     <span class='ocr_line' id='line_1_31' title="bbox 225 3489 925 3570; baseline -0.004 -18"><span class='ocrx_word' id='word_1_196' title='bbox 225 3490 253 3552; x_wconf 90' lang='grc' dir='ltr'>εἰ</span> <span class='ocrx_word' id='word_1_197' title='bbox 275 3491 366 3559; x_wconf 86' lang='grc' dir='ltr'>τοίως</span> <span class='ocrx_word' id='word_1_198' title='bbox 388 3489 477 3556; x_wconf 78' lang='grc' dir='ltr'>εἴσιδ’</span> <span class='ocrx_word' id='word_1_199' title='bbox 499 3494 667 3570; x_wconf 87' lang='grc' dir='ltr'>ἀνανεόειν,</span> <span class='ocrx_word' id='word_1_200' title='bbox 681 3496 756 3561; x_wconf 84' lang='grc' dir='ltr'>πῶς</span> <span class='ocrx_word' id='word_1_201' title='bbox 777 3489 925 3562; x_wconf 68' lang='grc' dir='ltr'>ἐπινεύεις</span> 
     </span>
     <span class='ocr_line' id='line_1_32' title="bbox 268 3572 880 3663; baseline -0.005 -27"><span class='ocrx_word' id='word_1_202' title='bbox 268 3575 335 3638; x_wconf 80' lang='grc' dir='ltr'>εἰπὲ</span> <span class='ocrx_word' id='word_1_203' title='bbox 356 3575 417 3639; x_wconf 75' lang='grc' dir='ltr'>θεὰ</span> <span class='ocrx_word' id='word_1_204' title='bbox 438 3577 587 3662; x_wconf 84' lang='grc' dir='ltr'>σόμβοολ’</span> <span class='ocrx_word' id='word_1_205' title='bbox 611 3578 776 3663; x_wconf 76' lang='grc' dir='ltr'>ἡμετέροιο</span> <span class='ocrx_word' id='word_1_206' title='bbox 800 3572 880 3641; x_wconf 87' lang='grc' dir='ltr'>Διός.</span> 
     </span>
    </p>

    <p class='ocr_par' dir='ltr' id='par_1_19' title="bbox 225 3653 1133 3832">
     <span class='ocr_line' id='line_1_33' title="bbox 225 3653 1133 3747; baseline 0.001 -25"><span class='ocrx_word' id='word_1_207' title='bbox 225 3657 307 3723; x_wconf 80' lang='grc' dir='ltr'>εἶπα.</span> <span class='ocrx_word' id='word_1_208' title='bbox 326 3661 376 3724; x_wconf 86' lang='grc' dir='ltr'>καί</span> <span class='ocrx_word' id='word_1_209' title='bbox 396 3662 416 3744; x_wconf 77' lang='grc' dir='ltr'>ἡ</span> <span class='ocrx_word' id='word_1_210' title='bbox 437 3663 490 3745; x_wconf 74' lang='grc' dir='ltr'>τ’γν</span> <span class='ocrx_word' id='word_1_211' title='bbox 509 3661 639 3746; x_wconf 86' lang='grc' dir='ltr'>Γοργόν’</span> <span class='ocrx_word' id='word_1_212' title='bbox 660 3663 786 3747; x_wconf 86' lang='grc' dir='ltr'>ἀφεῖσα,</span> <span class='ocrx_word' id='word_1_213' title='bbox 808 3658 841 3720; x_wconf 89' lang='grc' dir='ltr'>τδ</span> <span class='ocrx_word' id='word_1_214' title='bbox 865 3656 905 3740; x_wconf 82' lang='grc' dir='ltr'>μὴ</span> <span class='ocrx_word' id='word_1_215' title='bbox 921 3653 1011 3720; x_wconf 73' lang='grc' dir='ltr'>δοθὲν</span> <span class='ocrx_word' id='word_1_216' title='bbox 1028 3655 1133 3744; x_wconf 76' lang='grc' dir='ltr'>εὐδός,</span> 
     </span>
     <span class='ocr_line' id='line_1_34' title="bbox 269 3739 950 3832; baseline -0.009 -25"><span class='ocrx_word' id='word_1_217' title='bbox 269 3745 371 3828; x_wconf 81' lang='grc' dir='ltr'>φησὶν,</span> <span class='ocrx_word' id='word_1_218' title='bbox 395 3745 581 3823; x_wconf 76' lang='grc' dir='ltr'>ἀπελπίζεις,</span> <span class='ocrx_word' id='word_1_219' title='bbox 605 3748 702 3832; x_wconf 79' lang='grc' dir='ltr'>μοιρὲ,</span> <span class='ocrx_word' id='word_1_220' title='bbox 725 3739 950 3826; x_wconf 84' lang='grc' dir='ltr'>δοθησέμενοιι;</span> 
     </span>
    </p>

    <p class='ocr_par' dir='ltr' id='par_1_20' title="bbox 323 3840 938 3902">
     <span class='ocr_line' id='line_1_35' title="bbox 323 3840 938 3902; baseline -0.003 -29"><span class='ocrx_word' id='word_1_221' title='bbox 323 3871 326 3873; x_wconf 19' lang='grc' dir='ltr'><strong>Α</strong></span> <span class='ocrx_word' id='word_1_222' title='bbox 875 3840 938 3902; x_wconf 60' lang='grc'>131</span> 
     </span>
    </p>
   </div>
   <div class='ocr_carea' id='block_1_6' title="bbox 0 0 1452 4650">
    <p class='ocr_par' dir='ltr' id='par_1_21' title="bbox 0 0 1452 4650">
     <span class='ocr_line' id='line_1_36' title="bbox 0 0 1452 4650; baseline 0 0"><span class='ocrx_word' id='word_1_223' title='bbox 0 0 1452 4650; x_wconf 95' lang='lat' dir='ltr'> </span> 
     </span>
    </p>
   </div>
  </div>
 </body>
</html>
