2884 4650
702 543 853 638 „Q-

365 710 633 774 Restsbsnteuris
655 714 790 788 proemia
810 713 912 772 ¹dende
930 711 1003 770 tuin

324 796 386 859 Sed
407 798 487 856 Mors
512 797 634 857 invidit:
655 800 765 874 nequi
785 797 968 876 pubentibus
992 797 1088 856 anuis·

365 883 522 959 dequesti,
541 901 653 960 posses
672 885 870 960 praeteriisse
892 881 985 940 viros.

367 1051 415 1110 14.
455 1053 497 1110 Io
514 1053 622 1121 obitum
647 1051 681 1111 V.
706 1051 737 1109 0.
762 1051 913 1110 Frontisoi
934 1054 1014 1110 Iunii
1033 1051 1190 1129 Bituripis.

322 1136 402 1208 Iuni,
425 1154 513 1210 quem
535 1136 628 1198 modo
647 1136 757 1195 litteris
777 1143 932 1212 potentem

322 1220 412 1279 Pleni
431 1219 592 1298 Gymnasii
612 1222 769 1296 frequente
791 1229 879 1280 eoetu

324 1304 474 1383 cingebat
494 1306 602 1366 docilis
625 1325 739 1364 eorons
760 1306 848 1381 pubis

323 1389 425 1449 Docto
446 1391 581 1466 pendula
603 1391 782 1450 disserentis
807 1409 875 1450 ore:

323 1479 365 1535 At
384 1494 473 1549 nunc,
496 1497 515 1535 o
537 1477 633 1536 series
653 1476 758 1550 iniqua
778 1494 889 1550 rernm,
962 1505 966 1512 ·

324 1560 438 1618 Tactus
461 1562 561 1620 sidere
582 1561 755 1638 pestilentis
778 1579 870 1619 aurae

324 1643 380 1704 Sol
402 1646 587 1720 pallentibus
609 1647 721 1705 ooeidis
743 1646 893 1704 tenebrisl
960 1685 962 1698 .

325 1729 370 1787 Te
393 1749 534 1790 moerens
557 1731 660 1790 schola
679 1732 732 1790 flet
757 1750 844 1790 sunm
862 1729 1048 1806 magistrum,

325 1814 411 1874 Orba
428 1816 570 1875 Ecclesia
590 1825 621 1873 te
644 1835 731 1874 suum
754 1825 921 1892 parentem,

323 1900 490 1960 Ductorem
516 1902 609 1980 gemit
630 1901 714 1960 orbis
734 1902 903 1960 universus.

323 1985 533 2059 Flent,·flent;
555 2006 614 2045 non
636 1988 680 2044 uti
702 1985 811 2064 vulgus
833 1983 1002 2061 imperitus,

325 2071 422 2146 Quem
444 2074 568 2132 morbus
590 2072 680 2130 docet
700 2072 780 2149 ipse,
804 2071 875 2146 quid
893 2069 994 2130 velers
1015 2073 1073 2138 est,

324 2153 437 2228 Quanti
460 2166 507 2218 est
528 2157 621 2229 filins,
645 2157 774 2216 orbitste
795 2156 894 2227 discit,

325 2238 384 2313 Qui
406 2261 462 2300 nee
484 2242 613 2316 deniqne
635 2241 706 2317 quid
727 2241 838 2316 potitus
862 2241 935 2300 olim
960 2246 1017 2311 est,

325 2322 387 2386 Sed
409 2328 481 2405 qnid
503 2328 677 2404 perdiderit,
698 2328 779 2386 solet
796 2336 913 2404 putare.
994 2360 996 2362 ·
1068 2368 1072 2375 -

324 2412 360 2469 In
380 2421 411 2471 te
428 2413 523 2491 longe
543 2411 604 2470 ulis
622 2421 670 2471 est
689 2412 881 2472 vicissitudo:

324 2495 392 2555 Nee
414 2507 546 2575 quantus
567 2498 672 2570 fueris,
695 2498 827 2557 serendo
851 2496 952 2569 discit,

326 2580 387 2656 Qui
407 2584 467 2640 vivi
492 2583 630 2641 meritum
651 2584 825 2642 aestimavit
845 2582 926 2640 olim.

324 2666 365 2724 Et
387 2686 465 2725 nune
487 2668 609 2727 oonseiu
626 2670 767 2747 publicas
787 2667 929 2743 querelae

325 2750 489 2827 Postquam
514 2753 614 2811 tristis
635 2762 666 2811 te
689 2754 787 2812 tulere
808 2753 882 2825 feta,

325 2837 365 2894 Et
385 2837 499 2896 clarum
518 2837 605 2894 iubar
624 2840 777 2897 abstulere
800 2838 924 2909 mundo,

325 2919 395 2981 Nos
416 2921 489 2997 quid
507 2921 705 2997 perdidimus,
728 2923 799 2997 qnid
822 2932 852 2981 et
869 2920 1029 2981 dolendum
1052 2926 1111 2992 est,

324 3004 397 3066 Non
422 3008 534 3065 seimus
556 3007 664 3084 magis,
685 3016 716 3065 st
735 3009 833 3084 magis
855 3006 1001 3066 dolemus.

410 3101 564 3221 LugdABst.
577 3102 686 3221 {tabu
696 3103 768 3152 boris
780 3103 964 3168 postmodium
980 3080 1119 3151 noetemiu
1133 3098 1243 3151 lectulo.

504 3184 558 3221 nno
644 3205 652 3219 .

357 3326 405 3385 lb.
450 3328 613 3404 Epiredion
634 3326 782 3387 Adoodati
805 3325 898 3385 Sabae
910 3322 1074 3402 [Theodori
1084 3320 1212 3399 Betae}

325 3410 436 3488 Magne
459 3431 566 3486 senex,
589 3411 654 3470 miti
677 3430 766 3489 quem
785 3411 891 3469 funere
905 3406 1013 3486 'nuper
1034 3407 1186 3467 edentum

368 3495 564 3575 Allobrogum
586 3495 670 3557 molli
692 3496 808 3572 cespite
831 3496 912 3553 velat
932 3492 1053 3567 humus,

326 3579 473 3655 Quamvis
493 3591 617 3642 aeterno
638 3580 715 3641 eseli
735 3582 860 3658 regione
881 3588 1035 3657 receptum

368 3663 415 3722 Te
434 3676 560 3739 seposta
580 3668 640 3743 piis
662 3666 803 3731 menibus
829 3666 899 3725 aula
919 3673 1011 3738 tenet,

325 3750 451 3825 Iamque
468 3769 502 3809 es
524 3752 651 3812 decurso
672 3752 772 3828 spatio
796 3751 912 3811 deletus
930 3751 962 3808 in
983 3750 1097 3827 ipsum,
