2884 4650
699 521 849 615 —srs—

250 685 375 750 940011.
416 689 470 747 Nil
492 690 601 748 mirum
626 698 655 748 et
674 692 794 763 iterum,
818 690 937 762 mulier,
957 691 1110 765 eiulmier,

319 777 437 837 Orbata
454 775 509 833 tali
529 795 604 851 quae
626 776 716 834 modo
740 795 845 835 careas
865 776 936 834 viro.

319 861 393 919 Tec.
418 860 532 937 Opinio
557 861 595 918 ad
617 869 656 934 te,
680 881 792 921 sensus
816 862 855 920 ad
874 881 923 920 me
942 861 1082 936 pertinet.

320 945 374 1006 Oh.
419 945 570 1022 Fatemur.

320 1031 392 1089 Tec.
416 1031 443 1090 Ο
466 1038 572 1108 gnate:
595 1030 675 1104 quod
695 1050 752 1089 nos
776 1030 930 1089 servitutis
953 1049 1032 1088 nunc
1055 1039 1163 1088 manet

251 1109 303 1165 945
320 1116 447 1194 Iugum?
467 1117 614 1191 quibusve
636 1115 801 1191 premimur
824 1115 1053 1174 insessoribus?

622 1201 650 1258 2.
672 1201 867 1276 Antistropba
892 1200 921 1258 V

320 1285 374 1346 ch.
412 1285 460 1343 Ab
483 1284 634 1362 geminum
658 1285 742 1342 sensi

319 1371 366 1429 Te
387 1371 468 1427 facta
489 1369 603 1446 profari

318 1455 462 1514 Nefanda
482 1455 641 1529 imperato-

322 1559 401 1597 -rum
421 1538 490 1596 huic
510 1559 621 1616 magno
642 1541 734 1600 male.

322 1623 384 1684 Sed
406 1623 536 1700 repellat
557 1623 652 1684 Deus.

252 1698 304 1752 95⁰
322 1709 393 1767 Teo.
416 1701 492 1767 Non
512 1709 694 1768 accidissent
714 1711 790 1768 haec
812 1713 888 1771 Deis
910 1713 1094 1771 nolentibus.

323 1792 378 1853 ch.
422 1793 484 1854 Sed
506 1795 583 1852 mole
605 1796 729 1853 nimium
751 1817 808 1855 nos
832 1799 916 1875 gravi
938 1807 1079 1874 premunt
1099 1799 1187 1856 mali.

324 1879 395 1938 Teo.
419 1879 513 1938 Tales
532 1880 637 1939 ruinas
656 1889 739 1939 creta
761 1901 903 1959 supremo
924 1884 999 1942 Iove

321 1965 458 2026 Minerva
478 1964 601 2042 Ulyssis
626 1985 718 2024 saeva
738 1969 862 2026 molitur
882 1970 989 2027 vicem.

565 2078 567 2082 v
592 2051 620 2108 3.
645 2053 839 2128 Antiatropbu
864 2055 955 2113 VIII.

323 2133 378 2194 ch.
420 2135 519 2210 Quam
541 2137 631 2193 tacite
655 2155 757 2195 secum

319 2222 420 2279 Mente
445 2220 555 2279 dolosa
575 2221 621 2278 vir

319 2305 488 2379 Renidens‚
511 2307 688 2382 obstrepens

321 2389 497 2465 Cachinnat,
520 2400 550 2449 et
570 2411 663 2469 super
683 2392 798 2451 domini

320 2476 429 2549 Rabic,
452 2485 481 2534 et
501 2476 603 2536 furore
626 2477 713 2535 ridet.

324 2560 406 2634 Heu,
427 2563 503 2619 heui

322 2645 399 2704 Tum
421 2654 519 2704 autem
543 2654 572 2704 et
587 2647 639 2705 ubi
658 2646 808 2703 audierint
827 2646 901 2703 haec

253 2729 305 2783 960
321 2730 423 2789 Duces
448 2732 507 2790 duo
531 2732 665 2790 Atridae.

322 2816 393 2874 Tec.
438 2817 529 2891 Atqui
551 2818 740 2890 cachinnent,
766 2815 882 2875 homini
906 2815 1052 2873 insultent
1072 2815 1173 2874 maiis.

320 2902 472 2961 Fortassis
495 2908 534 2972 et,
560 2902 587 2959 si
610 2902 680 2960 vivo
703 2903 847 2961 honorem
868 2921 929 2959 non
950 2901 1071 2973 dabant,

321 2986 451 3046 Flebant
470 2994 659 3063 peremptum
678 2987 788 3046 Martio
811 2988 843 3044 in
867 2985 1048 3045 discrimine.

321 3072 452 3146 Nunque
471 3072 562 3129 horno
587 3071 710 3128 sinistra
731 3080 830 3129 mente
853 3090 1034 3147 possessum
1055 3071 1170 3129 bonum

254 3157 306 3212 965
323 3158 486 3232 Nunquam
510 3155 594 3232 prius
614 3156 785 3232 percipere,
814 3176 904 3230 quam
924 3156 1036 3227 amisit,
1058 3155 1148 3213 solet.

322 3245 403 3302 Mors
426 3244 490 3301 eius
516 3240 577 3298 illis
602 3240 726 3312 dulcior,
751 3242 870 3317 gravior
892 3241 977 3312 mihi,

322 3328 389 3404 Ipsi
409 3328 526 3386 suavis:
554 3344 683 3400 namque
703 3326 796 3383 habet
817 3345 945 3400 quorum
968 3334 1083 3386 arserat

321 3414 447 3485 Amore,
470 3419 605 3486 mortem,
629 3410 712 3469 cuius
732 3416 876 3485 expetens
898 3410 964 3468 fuit.

323 3494 378 3575 Cb.
421 3498 502 3572 Quid
523 3497 646 3557 veroin
669 3496 753 3553 illum
771 3495 894 3553 riserint
915 3495 1050 3553 tanturn?
1074 3514 1174 3571 neque

255 3580 307 3633 9ῦῦ
325 3581 473 3640 Occubuit
491 3582 552 3641 illis
574 3583 643 3641 ille:
666 3602 741 3640 non:
764 3599 867 3638 verum
889 3580 976 3639 Deis.

322 3665 371 3726 Ad
392 3664 467 3723 haec
490 3667 620 3744 Ulysses
640 3685 797 3744 perperam
817 3684 890 3743 ergo
912 3665 1017 3725 rideat.

323 3750 437 3811 Iudicio
456 3767 560 3808 eorum
584 3754 671 3828 periit
689 3753 787 3813 Aiax:
811 3759 842 3808 at
861 3768 929 3808 meo
