2884 4650
690 539 838 637 —1—20-

311 705 384 766 Non
405 707 566 779 oderimus,
589 728 651 768 non
673 713 841 771 amabimus
865 712 972 770 bonos.

312 878 363 936 41.
407 876 574 938 Commune
595 887 715 956 patrum
735 881 846 942 crimen
869 879 1056 957 indulgentia
1078 893 1136 955 est,

311 963 404 1027 Vultu
425 970 571 1040 paternae
592 965 726 1024 caritatis
752 984 785 1024 se
809 964 951 1023 offerens.

313 1046 406 1107 Gnati
422 1050 540 1126 nepotis
558 1070 620 1108 non
641 1068 781 1108 coercere
800 1051 943 1126 impetus,

311 1134 404 1193 litia
424 1134 541 1191 ruinam
561 1135 791 1194 subministrare
814 1135 927 1207 omnia,

312 1219 444 1279 Affabile
466 1219 569 1277 odium
590 1227 647 1292 est,
668 1228 699 1278 et
718 1229 826 1297 tepens
847 1219 1018 1278 crudelitas.

315 1389 365 1447 42.
409 1385 518 1447 Statim
541 1388 702 1466 obligatur.
725 1389 776 1463 qui
798 1389 871 1447 facit
895 1389 987 1466 digno
1006 1390 1094 1449 bene.

314 1473 467 1550 Quidquid
487 1474 613 1531 merenti
631 1474 687 1532 das
707 1474 792 1547 mihi,
817 1474 933 1551 imputo
955 1474 1019 1532 tibi.

314 1644 365 1703 43.
406 1643 580 1704 Aedilitatis
604 1644 762 1719 expeditus
785 1643 898 1700 ambitu

313 1729 350 1786 In
368 1726 553 1788 Consulatus
574 1728 708 1786 fascibus
730 1736 832 1786 votnm
852 1728 993 1804 impedis.

315 1813 443 1874 Omnem
466 1813 601 1890 relegisti
622 1813 726 1871 Idibus
750 1814 933 1888 pecuniam„

315 1899 446 1974 Quaeris
469 1896 612 1957 Calendis
635 1917 782 1975 occupare
803 1898 933 1958 foenori.

314 1985 361 2043 Ab
381 1985 443 2042 ictu
463 1984 573 2042 amoris
594 1983 687 2043 molle
709 1983 865 2042 declinans
887 1983 967 2041 latus

315 2068 422 2130 Scorto
439 2069 592 2146 impudico
613 2077 696 2127 totus
714 2070 746 2125 in
768 2069 889 2145 plagam
912 2077 1009 2144 pates.

315 2153 436 2214 Crimen
458 2154 581 2231 fugasti,
603 2154 696 2210 victor
716 2153 796 2211 ultra
817 2173 879 2211 non
902 2153 1001 2212 times.

313 2240 470 2298 Instaurat
484 2256 555 2296 ecce
576 2237 724 2314 praelium
751 2238 921 2314 cupidinum

314 2328 427 2386 Aestus
447 2324 611 2395 rebellans,
637 2333 667 2381 et
686 2324 809 2382 refectis
831 2323 945 2383 viribus

314 2411 352 2468 In
374 2420 404 2469 te
425 2411 605 2487 imparatum
627 2410 715 2487 signa
737 2410 875 2468 eominus
893 2418 1004 2469 movet.

316 2494 389 2554 Non
409 2506 457 2554 sat
477 2497 631 2555 domatur:
654 2504 701 2554 est
719 2494 962 2571 triumphandum
985 2495 1095 2553 scelus.

315 2578 399 2638 Laus
419 2600 481 2639 una
503 2580 603 2657 subigi
624 2589 686 2650 est3
710 2580 806 2638 altera
826 2580 940 2656 imponi
959 2580 1072 2657 iugum.

297 2664 364 2723 -·Te
384 2664 457 2723 vitia
478 2668 610 2737 vincent,
633 2675 698 2723 tota
721 2667 751 2724 si
768 2684 829 2724 non
852 2665 973 2723 viceris.

318 2833 368 2892 44.
412 2832 471 2907 Qui
490 2834 631 2909 gloriaris
653 2854 724 2893 esse
746 2835 883 2893 dominus
901 2834 1020 2907 civium,

318 2916 439 2979 Servire
461 2918 557 2977 servis
580 2919 728 2993 quomodo
751 2928 840 2995 potes
863 2920 934 2992 tuis,

272 3046 285 3072 0
317 3002 376 3077 Qui
396 3010 443 3062 tot
463 3012 607 3078 tyrannos
632 3013 706 3078 quot
728 3004 876 3063 satellites
897 3004 1012 3063 habes?

318 3086 439 3149 Servire
460 3088 558 3147 servis
579 3088 688 3145 dicitur
709 3088 857 3166 Princeps
880 3091 956 3161 suis,

318 3172 404 3247 Quod
423 3192 513 3251 agere
531 3191 587 3249 per
609 3178 644 3231 'se
665 3173 769 3231 debuit
788 3194 842 3249 per
861 3176 916 3234 hos
939 3192 1044 3252 agens,

316 3257 377 3316 Per
396 3261 454 3318 hos
474 3258 585 3317 vicarie
606 3258 744 3331 audiens,
768 3279 824 3335 por
846 3259 904 3319 hos
926 3260 1062 3335 loquens.

316 3345 514 3403 Auctoritatis
538 3362 643 3403 servus
664 3343 851 3417 immodicae,
872 3353 945 3402 nota
965 3352 1022 3417 est,

317 3430 535 3488 Auctoritatem
557 3448 616 3487 non
637 3429 776 3487 habentis
800 3429 963 3505 Principis.

320 3591 370 3656 4⁵4
413 3601 505 3656 Amor
524 3601 741 3682 obsequentum
766 3607 796 3655 et
818 3599 996 3674 imperantis
1019 3597 1152 3675 dignitas

318 3682 418 3759 Regni
437 3684 570 3757 potentis
588 3687 687 3762 prima
712 3692 784 3743 sunt
801 3684 976 3741 munimina.

321 3765 488 3829 Severitate
511 3769 621 3829 caritas
641 3770 797 3841 amittitur,

246 4239 841 4465 Nn
