<?xml version="1.0" encoding="UTF-8"?>
<!DOCTYPE html PUBLIC "-//W3C//DTD XHTML 1.0 Transitional//EN"
    "http://www.w3.org/TR/xhtml1/DTD/xhtml1-transitional.dtd">
<html xmlns="http://www.w3.org/1999/xhtml" xml:lang="en" lang="en">
 <head>
  <title>
</title>
<meta http-equiv="Content-Type" content="text/html;charset=utf-8" />
  <meta name='ocr-system' content='tesseract 3.04.00' />
  <meta name='ocr-capabilities' content='ocr_page ocr_carea ocr_par ocr_line ocrx_word'/>
</head>
<body>
  <div class='ocr_page' id='page_1' title='image "./poemataomnia00scalgoog_0382.png"; bbox 0 0 2884 4650; ppageno 0'>
   <div class='ocr_carea' id='block_1_1' title="bbox 572 559 721 654">
    <p class='ocr_par' dir='ltr' id='par_1_1' title="bbox 572 559 721 654">
     <span class='ocr_line' id='line_1_1' title="bbox 572 559 721 654; baseline 0 -36"><span class='ocrx_word' id='word_1_1' title='bbox 572 559 721 654; x_wconf 47' lang='lat' dir='ltr'>Q</span> 
     </span>
    </p>
   </div>
   <div class='ocr_carea' id='block_1_2' title="bbox 185 724 916 1142">
    <p class='ocr_par' dir='ltr' id='par_1_2' title="bbox 185 724 916 1142">
     <span class='ocr_line' id='line_1_2' title="bbox 188 724 804 805; baseline -0.003 -19"><span class='ocrx_word' id='word_1_2' title='bbox 188 725 344 786; x_wconf 81' lang='lat' dir='ltr'><strong>Munimen</strong></span> <span class='ocrx_word' id='word_1_3' title='bbox 365 724 442 782; x_wconf 89' lang='lat' dir='ltr'><strong>ictus</strong></span> <span class='ocrx_word' id='word_1_4' title='bbox 464 724 583 799; x_wconf 90' lang='lat' dir='ltr'><strong>hostici,</strong></span> <span class='ocrx_word' id='word_1_5' title='bbox 603 736 693 805; x_wconf 88' lang='lat' dir='ltr'><strong>caput</strong></span> <span class='ocrx_word' id='word_1_6' title='bbox 710 735 804 804; x_wconf 82' lang='lat' dir='ltr'><strong>teget.</strong></span> 
     </span>
     <span class='ocr_line' id='line_1_3' title="bbox 185 809 835 879; baseline 0.002 -9"><span class='ocrx_word' id='word_1_7' title='bbox 185 813 308 879; x_wconf 76' lang='lat' dir='ltr'><strong>Intacta</strong></span> <span class='ocrx_word' id='word_1_8' title='bbox 329 809 525 868; x_wconf 86' lang='lat' dir='ltr'><strong>vermiculata</strong></span> <span class='ocrx_word' id='word_1_9' title='bbox 546 811 706 871; x_wconf 82' lang='lat' dir='ltr'>claxendix</span> <span class='ocrx_word' id='word_1_10' title='bbox 725 813 835 871; x_wconf 88' lang='lat' dir='ltr'><strong>domos</strong></span> 
     </span>
     <span class='ocr_line' id='line_1_4' title="bbox 189 894 825 974; baseline -0.002 -17"><span class='ocrx_word' id='word_1_11' title='bbox 189 895 332 958; x_wconf 87' lang='lat' dir='ltr'><strong>Servabit</strong></span> <span class='ocrx_word' id='word_1_12' title='bbox 350 894 439 967; x_wconf 87' lang='lat' dir='ltr'><strong>alias,</strong></span> <span class='ocrx_word' id='word_1_13' title='bbox 461 895 567 955; x_wconf 90' lang='lat' dir='ltr'><strong>incolis</strong></span> <span class='ocrx_word' id='word_1_14' title='bbox 589 896 740 974; x_wconf 88' lang='lat' dir='ltr'><strong>stupenda</strong></span> <span class='ocrx_word' id='word_1_15' title='bbox 759 916 825 956; x_wconf 85' lang='lat' dir='ltr'><strong>res:</strong></span> 
     </span>
     <span class='ocr_line' id='line_1_5' title="bbox 188 979 916 1059; baseline 0.003 -21"><span class='ocrx_word' id='word_1_16' title='bbox 188 980 278 1054; x_wconf 78' lang='lat' dir='ltr'><strong>Quod</strong></span> <span class='ocrx_word' id='word_1_17' title='bbox 299 979 412 1056; x_wconf 85' lang='lat' dir='ltr'><strong>templa</strong></span> <span class='ocrx_word' id='word_1_18' title='bbox 432 980 473 1037; x_wconf 88' lang='lat' dir='ltr'><strong>ad</strong></span> <span class='ocrx_word' id='word_1_19' title='bbox 494 979 557 1038; x_wconf 87' lang='lat' dir='ltr'><strong>alta</strong></span> <span class='ocrx_word' id='word_1_20' title='bbox 581 981 774 1059; x_wconf 86' lang='lat' dir='ltr'><strong>siderumque</strong></span> <span class='ocrx_word' id='word_1_21' title='bbox 795 981 916 1042; x_wconf 82' lang='lat' dir='ltr'><strong>subices</strong></span> 
     </span>
     <span class='ocr_line' id='line_1_6' title="bbox 188 1057 824 1142; baseline 0.002 -18"><span class='ocrx_word' id='word_1_22' title='bbox 188 1057 292 1126; x_wconf 68' lang='lat' dir='ltr'><strong>D&#39;ucet</strong></span> <span class='ocrx_word' id='word_1_23' title='bbox 316 1065 393 1123; x_wconf 90' lang='lat' dir='ltr'><strong>duos</strong></span> <span class='ocrx_word' id='word_1_24' title='bbox 414 1065 583 1142; x_wconf 83' lang='lat' dir='ltr'><strong>Lapersios</strong></span> <span class='ocrx_word' id='word_1_25' title='bbox 603 1068 824 1138; x_wconf 85' lang='lat' dir='ltr'><strong>medioxumos,</strong></span> 
     </span>
    </p>
   </div>
   <div class='ocr_carea' id='block_1_3' title="bbox 189 1147 1134 1232">
    <p class='ocr_par' dir='ltr' id='par_1_3' title="bbox 189 1147 1134 1232">
     <span class='ocr_line' id='line_1_7' title="bbox 189 1147 1134 1232; baseline 0.001 -24"><span class='ocrx_word' id='word_1_26' title='bbox 189 1152 280 1226; x_wconf 82' lang='lat' dir='ltr'><strong>Quos</strong></span> <span class='ocrx_word' id='word_1_27' title='bbox 301 1169 453 1232; x_wconf 87' lang='lat' dir='ltr'><strong>nunquam</strong></span> <span class='ocrx_word' id='word_1_28' title='bbox 473 1150 505 1207; x_wconf 93' lang='lat' dir='ltr'><strong>in</strong></span> <span class='ocrx_word' id='word_1_29' title='bbox 528 1153 629 1210; x_wconf 81' lang='lat' dir='ltr'><strong>orbem</strong></span> <span class='ocrx_word' id='word_1_30' title='bbox 650 1153 788 1230; x_wconf 88' lang='lat' dir='ltr'><strong>Iuppiter</strong></span> <span class='ocrx_word' id='word_1_31' title='bbox 810 1169 922 1230; x_wconf 83' lang='lat' dir='ltr'><strong>sospes</strong></span> <span class='ocrx_word' id='word_1_32' title='bbox 944 1170 1042 1210; x_wconf 85' lang='lat' dir='ltr'><strong>meum</strong></span> <span class='ocrx_word' id='word_1_33' title='bbox 1129 1147 1134 1158; x_wconf 87' lang='lat'><em>&#39;</em></span> 
     </span>
    </p>
   </div>
   <div class='ocr_carea' id='block_1_4' title="bbox 119 1235 1030 3016">
    <p class='ocr_par' dir='ltr' id='par_1_4' title="bbox 189 1235 850 1394">
     <span class='ocr_line' id='line_1_8' title="bbox 189 1235 832 1310; baseline 0.002 -16"><span class='ocrx_word' id='word_1_34' title='bbox 189 1236 292 1294; x_wconf 88' lang='lat' dir='ltr'><strong>Duxie</strong></span> <span class='ocrx_word' id='word_1_35' title='bbox 313 1235 489 1310; x_wconf 86' lang='lat' dir='ltr'><strong>bipraedem</strong></span> <span class='ocrx_word' id='word_1_36' title='bbox 511 1235 694 1297; x_wconf 81' lang='lat' dir='ltr'><strong>liberaturos</strong></span> <span class='ocrx_word' id='word_1_37' title='bbox 717 1238 832 1296; x_wconf 87' lang='lat' dir='ltr'><strong>subim:</strong></span> 
     </span>
     <span class='ocr_line' id='line_1_9' title="bbox 189 1319 850 1394; baseline 0 -14"><span class='ocrx_word' id='word_1_38' title='bbox 189 1320 259 1380; x_wconf 89' lang='lat' dir='ltr'><strong>Nec</strong></span> <span class='ocrx_word' id='word_1_39' title='bbox 280 1320 329 1378; x_wconf 89' lang='lat' dir='ltr'><strong>vel</strong></span> <span class='ocrx_word' id='word_1_40' title='bbox 351 1319 467 1378; x_wconf 79' lang='lat' dir='ltr'>celoces</span> <span class='ocrx_word' id='word_1_41' title='bbox 489 1322 673 1382; x_wconf 69' lang='lat' dir='ltr'><strong>instruentes</strong></span> <span class='ocrx_word' id='word_1_42' title='bbox 695 1323 850 1394; x_wconf 85' lang='lat' dir='ltr'><strong>classium,</strong></span> 
     </span>
    </p>

    <p class='ocr_par' dir='ltr' id='par_1_5' title="bbox 189 1407 897 1651">
     <span class='ocr_line' id='line_1_10' title="bbox 189 1407 817 1484; baseline -0.002 -19"><span class='ocrx_word' id='word_1_43' title='bbox 189 1408 217 1465; x_wconf 79' lang='lat' dir='ltr'><strong>Il</strong></span> <span class='ocrx_word' id='word_1_44' title='bbox 240 1424 341 1482; x_wconf 86' lang='lat' dir='ltr'><strong>puppe</strong></span> <span class='ocrx_word' id='word_1_45' title='bbox 365 1423 481 1464; x_wconf 87' lang='lat' dir='ltr'><strong>summa</strong></span> <span class='ocrx_word' id='word_1_46' title='bbox 504 1407 633 1484; x_wconf 88' lang='lat' dir='ltr'><strong>nudipes</strong></span> <span class='ocrx_word' id='word_1_47' title='bbox 656 1407 817 1484; x_wconf 86' lang='lat' dir='ltr'><strong>vestigium</strong></span> 
     </span>
     <span class='ocr_line' id='line_1_11' title="bbox 189 1489 897 1569; baseline 0.003 -19"><span class='ocrx_word' id='word_1_48' title='bbox 189 1492 308 1550; x_wconf 90' lang='lat' dir='ltr'><strong>Hostes</strong></span> <span class='ocrx_word' id='word_1_49' title='bbox 332 1497 452 1556; x_wconf 86' lang='lat' dir='ltr'><strong>vetusto</strong></span> <span class='ocrx_word' id='word_1_50' title='bbox 475 1489 644 1568; x_wconf 90' lang='lat' dir='ltr'><strong>Bebrycum</strong></span> <span class='ocrx_word' id='word_1_51' title='bbox 665 1493 897 1569; x_wconf 85' lang='lat' dir='ltr'><strong>infigants010:</strong></span> 
     </span>
     <span class='ocr_line' id='line_1_12' title="bbox 189 1575 839 1651; baseline 0 -15"><span class='ocrx_word' id='word_1_52' title='bbox 189 1576 300 1651; x_wconf 88' lang='lat' dir='ltr'><strong>Neque</strong></span> <span class='ocrx_word' id='word_1_53' title='bbox 322 1576 379 1633; x_wconf 89' lang='lat' dir='ltr'><strong>hos</strong></span> <span class='ocrx_word' id='word_1_54' title='bbox 402 1575 508 1636; x_wconf 84' lang='lat' dir='ltr'><strong>leones</strong></span> <span class='ocrx_word' id='word_1_55' title='bbox 531 1585 689 1636; x_wconf 88' lang='lat' dir='ltr'><strong>anteuntes</strong></span> <span class='ocrx_word' id='word_1_56' title='bbox 713 1577 839 1648; x_wconf 84' lang='lat' dir='ltr'><strong>viribus,</strong></span> 
     </span>
    </p>

    <p class='ocr_par' dir='ltr' id='par_1_6' title="bbox 144 1659 859 1823">
     <span class='ocr_line' id='line_1_13' title="bbox 144 1659 859 1740; baseline -0.003 -19"><span class='ocrx_word' id='word_1_57' title='bbox 144 1723 149 1736; x_wconf 73' lang='grc'><strong><em>,</em></strong></span> <span class='ocrx_word' id='word_1_58' title='bbox 189 1661 270 1721; x_wconf 89' lang='lat' dir='ltr'><strong>Duri</strong></span> <span class='ocrx_word' id='word_1_59' title='bbox 289 1659 399 1732; x_wconf 88' lang='lat' dir='ltr'><strong>duello,</strong></span> <span class='ocrx_word' id='word_1_60' title='bbox 420 1679 554 1736; x_wconf 81' lang='lat' dir='ltr'><strong>quosque</strong></span> <span class='ocrx_word' id='word_1_61' title='bbox 575 1665 694 1722; x_wconf 84' lang='lat' dir='ltr'><strong>Mavors</strong></span> <span class='ocrx_word' id='word_1_62' title='bbox 719 1662 859 1740; x_wconf 84' lang='lat' dir='ltr'><strong>armiger,</strong></span> 
     </span>
     <span class='ocr_line' id='line_1_14' title="bbox 192 1745 859 1823; baseline -0.001 -18"><span class='ocrx_word' id='word_1_63' title='bbox 192 1747 281 1822; x_wconf 79' lang='lat' dir='ltr'><strong>Quos</strong></span> <span class='ocrx_word' id='word_1_64' title='bbox 300 1745 462 1818; x_wconf 69' lang='lat' dir='ltr'><strong>Nemenos,</strong></span> <span class='ocrx_word' id='word_1_65' title='bbox 483 1745 580 1823; x_wconf 85' lang='lat' dir='ltr'><strong>Capta</strong></span> <span class='ocrx_word' id='word_1_66' title='bbox 600 1767 677 1822; x_wconf 87' lang='lat' dir='ltr'><strong>quos</strong></span> <span class='ocrx_word' id='word_1_67' title='bbox 700 1755 782 1806; x_wconf 89' lang='lat' dir='ltr'><strong>amat</strong></span> <span class='ocrx_word' id='word_1_68' title='bbox 802 1748 859 1805; x_wconf 87' lang='lat' dir='ltr'><strong>dea</strong></span> 
     </span>
    </p>

    <p class='ocr_par' dir='ltr' id='par_1_7' title="bbox 119 1831 1030 2676">
     <span class='ocr_line' id='line_1_15' title="bbox 119 1831 852 1908; baseline -0.001 -17"><span class='ocrx_word' id='word_1_69' title='bbox 119 1847 122 1857; x_wconf 67' lang='lat'><strong>¹</strong></span> <span class='ocrx_word' id='word_1_70' title='bbox 190 1833 288 1891; x_wconf 91' lang='lat' dir='ltr'><strong>Boum</strong></span> <span class='ocrx_word' id='word_1_71' title='bbox 309 1832 390 1908; x_wconf 88' lang='lat' dir='ltr'><strong>iuga,</strong></span> <span class='ocrx_word' id='word_1_72' title='bbox 416 1838 448 1887; x_wconf 90' lang='lat' dir='ltr'><strong>et</strong></span> <span class='ocrx_word' id='word_1_73' title='bbox 470 1831 582 1892; x_wconf 83' lang='lat' dir='ltr'><strong>Curitis</strong></span> <span class='ocrx_word' id='word_1_74' title='bbox 604 1833 766 1892; x_wconf 87' lang='lat' dir='ltr'><strong>Homolois</strong></span> <span class='ocrx_word' id='word_1_75' title='bbox 786 1833 852 1890; x_wconf 89' lang='lat' dir='ltr'><strong>dea.</strong></span> 
     </span>
     <span class='ocr_line' id='line_1_16' title="bbox 191 1915 848 1991; baseline -0.003 -15"><span class='ocrx_word' id='word_1_76' title='bbox 191 1918 280 1976; x_wconf 87' lang='lat' dir='ltr'><strong>Haec</strong></span> <span class='ocrx_word' id='word_1_77' title='bbox 302 1935 379 1990; x_wconf 86' lang='lat' dir='ltr'><strong>quae</strong></span> <span class='ocrx_word' id='word_1_78' title='bbox 401 1915 535 1976; x_wconf 87' lang='lat' dir='ltr'><strong>cluentes</strong></span> <span class='ocrx_word' id='word_1_79' title='bbox 558 1926 622 1974; x_wconf 88' lang='lat' dir='ltr'><strong>arte</strong></span> <span class='ocrx_word' id='word_1_80' title='bbox 640 1918 757 1976; x_wconf 87' lang='lat' dir='ltr'><strong>fabrica</strong></span> <span class='ocrx_word' id='word_1_81' title='bbox 780 1917 848 1991; x_wconf 92' lang='lat' dir='ltr'><strong>duo,</strong></span> 
     </span>
     <span class='ocr_line' id='line_1_17' title="bbox 191 1999 1030 2077; baseline 0 -17"><span class='ocrx_word' id='word_1_82' title='bbox 191 2000 466 2076; x_wconf 81' lang='lat' dir='ltr'><strong>Querquetulauus,</strong></span> <span class='ocrx_word' id='word_1_83' title='bbox 489 1999 611 2060; x_wconf 79' lang='lat' dir='ltr'><strong>Consus</strong></span> <span class='ocrx_word' id='word_1_84' title='bbox 640 2010 670 2059; x_wconf 90' lang='lat' dir='ltr'><strong>et</strong></span> <span class='ocrx_word' id='word_1_85' title='bbox 692 2000 844 2061; x_wconf 83' lang='lat' dir='ltr'><strong>Cromnae</strong></span> <span class='ocrx_word' id='word_1_86' title='bbox 863 2001 1030 2077; x_wconf 83' lang='lat' dir='ltr'><strong>imperans,</strong></span> 
     </span>
     <span class='ocr_line' id='line_1_18' title="bbox 192 2085 847 2162; baseline -0.005 -15"><span class='ocrx_word' id='word_1_87' title='bbox 192 2086 339 2148; x_wconf 85' lang='lat' dir='ltr'><strong>Struxere</strong></span> <span class='ocrx_word' id='word_1_88' title='bbox 362 2085 513 2160; x_wconf 90' lang='lat' dir='ltr'><strong>quondam</strong></span> <span class='ocrx_word' id='word_1_89' title='bbox 536 2087 686 2162; x_wconf 86' lang='lat' dir='ltr'><strong>peieranti</strong></span> <span class='ocrx_word' id='word_1_90' title='bbox 709 2087 847 2162; x_wconf 81' lang='lat' dir='ltr'><strong>principi,</strong></span> 
     </span>
     <span class='ocr_line' id='line_1_19' title="bbox 192 2171 894 2248; baseline -0.001 -17"><span class='ocrx_word' id='word_1_91' title='bbox 192 2171 303 2231; x_wconf 83' lang='lat' dir='ltr'><strong>Orudis</strong></span> <span class='ocrx_word' id='word_1_92' title='bbox 327 2171 406 2228; x_wconf 90' lang='lat' dir='ltr'><strong>diem</strong></span> <span class='ocrx_word' id='word_1_93' title='bbox 429 2191 522 2228; x_wconf 87' lang='lat' dir='ltr'><strong>unum</strong></span> <span class='ocrx_word' id='word_1_94' title='bbox 544 2173 596 2230; x_wconf 88' lang='lat' dir='ltr'><strong>vix</strong></span> <span class='ocrx_word' id='word_1_95' title='bbox 616 2173 695 2248; x_wconf 87' lang='lat' dir='ltr'><strong>lupis</strong></span> <span class='ocrx_word' id='word_1_96' title='bbox 719 2171 894 2230; x_wconf 86' lang='lat' dir='ltr'><strong>suffecerint</strong></span> 
     </span>
     <span class='ocr_line' id='line_1_20' title="bbox 191 2256 816 2335; baseline -0.002 -20"><span class='ocrx_word' id='word_1_97' title='bbox 191 2257 263 2315; x_wconf 90' lang='lat' dir='ltr'><strong>Vim</strong></span> <span class='ocrx_word' id='word_1_98' title='bbox 283 2256 473 2314; x_wconf 88' lang='lat' dir='ltr'><strong>fulminantis</strong></span> <span class='ocrx_word' id='word_1_99' title='bbox 496 2257 628 2335; x_wconf 84' lang='lat' dir='ltr'><strong>impetus</strong></span> <span class='ocrx_word' id='word_1_100' title='bbox 652 2256 816 2333; x_wconf 87' lang='lat' dir='ltr'><strong>depellere,</strong></span> 
     </span>
     <span class='ocr_line' id='line_1_21' title="bbox 192 2342 926 2420; baseline -0.004 -19"><span class='ocrx_word' id='word_1_101' title='bbox 192 2342 339 2415; x_wconf 80' lang='lat' dir='ltr'><strong>Quamvis</strong></span> <span class='ocrx_word' id='word_1_102' title='bbox 362 2342 395 2401; x_wconf 87' lang='lat' dir='ltr'><strong>in</strong></span> <span class='ocrx_word' id='word_1_103' title='bbox 417 2343 538 2401; x_wconf 88' lang='lat' dir='ltr'><strong>arcibus</strong></span> <span class='ocrx_word' id='word_1_104' title='bbox 560 2342 781 2403; x_wconf 86' lang='lat' dir='ltr'><strong>Canastraeum</strong></span> <span class='ocrx_word' id='word_1_105' title='bbox 803 2360 926 2420; x_wconf 88' lang='lat' dir='ltr'><strong>gravem</strong></span> 
     </span>
     <span class='ocr_line' id='line_1_22' title="bbox 192 2427 866 2505; baseline -0.004 -18"><span class='ocrx_word' id='word_1_106' title='bbox 192 2427 337 2505; x_wconf 83' lang='lat' dir='ltr'><strong>Giganta,</strong></span> <span class='ocrx_word' id='word_1_107' title='bbox 361 2435 506 2489; x_wconf 86' lang='lat' dir='ltr'><strong>constans</strong></span> <span class='ocrx_word' id='word_1_108' title='bbox 527 2429 655 2489; x_wconf 84' lang='lat' dir='ltr'><strong>hostium</strong></span> <span class='ocrx_word' id='word_1_109' title='bbox 676 2427 866 2505; x_wconf 86' lang='lat' dir='ltr'><strong>repagulum,</strong></span> 
     </span>
     <span class='ocr_line' id='line_1_23' title="bbox 192 2512 876 2591; baseline -0.003 -20"><span class='ocrx_word' id='word_1_110' title='bbox 192 2512 359 2585; x_wconf 86' lang='lat' dir='ltr'><strong>Habentia,</strong></span> <span class='ocrx_word' id='word_1_111' title='bbox 380 2520 470 2589; x_wconf 91' lang='lat' dir='ltr'><strong>atque</strong></span> <span class='ocrx_word' id='word_1_112' title='bbox 493 2521 576 2571; x_wconf 89' lang='lat' dir='ltr'><strong>certa</strong></span> <span class='ocrx_word' id='word_1_113' title='bbox 596 2514 727 2591; x_wconf 89' lang='lat' dir='ltr'><strong>primum</strong></span> <span class='ocrx_word' id='word_1_114' title='bbox 747 2515 876 2571; x_wconf 87' lang='lat' dir='ltr'><strong>verbera</strong></span> 
     </span>
     <span class='ocr_line' id='line_1_24' title="bbox 192 2598 829 2676; baseline -0.002 -19"><span class='ocrx_word' id='word_1_115' title='bbox 192 2599 322 2657; x_wconf 83' lang='lat' dir='ltr'><strong>Vibrare</strong></span> <span class='ocrx_word' id='word_1_116' title='bbox 341 2604 494 2674; x_wconf 86' lang='lat' dir='ltr'><strong>promtum</strong></span> <span class='ocrx_word' id='word_1_117' title='bbox 513 2598 694 2657; x_wconf 88' lang='lat' dir='ltr'><strong>lancinatori</strong></span> <span class='ocrx_word' id='word_1_118' title='bbox 715 2598 829 2676; x_wconf 84' lang='lat' dir='ltr'><strong>gregis,</strong></span> 
     </span>
    </p>

    <p class='ocr_par' dir='ltr' id='par_1_8' title="bbox 191 2683 959 3016">
     <span class='ocr_line' id='line_1_25' title="bbox 192 2683 861 2761; baseline -0.006 -16"><span class='ocrx_word' id='word_1_119' title='bbox 192 2684 234 2745; x_wconf 83' lang='lat' dir='ltr'><strong>Et</strong></span> <span class='ocrx_word' id='word_1_120' title='bbox 256 2683 344 2741; x_wconf 89' lang='lat' dir='ltr'><strong>cuius</strong></span> <span class='ocrx_word' id='word_1_121' title='bbox 362 2683 425 2742; x_wconf 88' lang='lat' dir='ltr'><strong>iras</strong></span> <span class='ocrx_word' id='word_1_122' title='bbox 447 2684 561 2758; x_wconf 85' lang='lat' dir='ltr'><strong>primus</strong></span> <span class='ocrx_word' id='word_1_123' title='bbox 587 2684 733 2741; x_wconf 87' lang='lat' dir='ltr'><strong>accendet</strong></span> <span class='ocrx_word' id='word_1_124' title='bbox 752 2701 861 2761; x_wconf 88' lang='lat' dir='ltr'><strong>graves</strong></span> 
     </span>
     <span class='ocr_line' id='line_1_26' title="bbox 191 2768 883 2845; baseline -0.003 -17"><span class='ocrx_word' id='word_1_125' title='bbox 191 2772 347 2845; x_wconf 86' lang='lat' dir='ltr'><strong>Acceptor</strong></span> <span class='ocrx_word' id='word_1_126' title='bbox 369 2786 449 2841; x_wconf 83' lang='lat' dir='ltr'><strong>acer,</strong></span> <span class='ocrx_word' id='word_1_127' title='bbox 473 2768 621 2827; x_wconf 88' lang='lat' dir='ltr'><strong>lubricum</strong></span> <span class='ocrx_word' id='word_1_128' title='bbox 643 2768 753 2827; x_wconf 84' lang='lat' dir='ltr'><strong>saltum</strong></span> <span class='ocrx_word' id='word_1_129' title='bbox 775 2768 883 2839; x_wconf 86' lang='lat' dir='ltr'><strong>citans,</strong></span> 
     </span>
     <span class='ocr_line' id='line_1_27' title="bbox 192 2851 959 2931; baseline 0.001 -18"><span class='ocrx_word' id='word_1_130' title='bbox 192 2854 268 2913; x_wconf 85' lang='lat' dir='ltr'><strong>Flos</strong></span> <span class='ocrx_word' id='word_1_131' title='bbox 291 2852 357 2929; x_wconf 88' lang='lat' dir='ltr'><strong>ipse</strong></span> <span class='ocrx_word' id='word_1_132' title='bbox 378 2851 516 2925; x_wconf 81' lang='lat' dir='ltr'><strong>Graium,</strong></span> <span class='ocrx_word' id='word_1_133' title='bbox 539 2854 585 2912; x_wconf 91' lang='lat' dir='ltr'><strong>cui</strong></span> <span class='ocrx_word' id='word_1_134' title='bbox 608 2853 815 2931; x_wconf 86' lang='lat' dir='ltr'><strong>Dolongorum</strong></span> <span class='ocrx_word' id='word_1_135' title='bbox 835 2852 959 2930; x_wconf 84' lang='lat' dir='ltr'><strong>elegans</strong></span> 
     </span>
     <span class='ocr_line' id='line_1_28' title="bbox 195 2938 834 3016; baseline -0.005 -17"><span class='ocrx_word' id='word_1_136' title='bbox 195 2939 278 2999; x_wconf 89' lang='lat' dir='ltr'><strong>Olim</strong></span> <span class='ocrx_word' id='word_1_137' title='bbox 301 2938 471 3014; x_wconf 88' lang='lat' dir='ltr'><strong>sepulcrum</strong></span> <span class='ocrx_word' id='word_1_138' title='bbox 490 2940 558 3015; x_wconf 84' lang='lat' dir='ltr'><strong>ripa</strong></span> <span class='ocrx_word' id='word_1_139' title='bbox 580 2940 721 2997; x_wconf 87' lang='lat' dir='ltr'><strong>defuncto</strong></span> <span class='ocrx_word' id='word_1_140' title='bbox 737 2944 834 3016; x_wconf 81' lang='lat' dir='ltr'><strong>‘parat</strong></span> 
     </span>
    </p>
   </div>
   <div class='ocr_carea' id='block_1_5' title="bbox 84 3024 860 3101">
    <p class='ocr_par' dir='ltr' id='par_1_9' title="bbox 84 3024 860 3101">
     <span class='ocr_line' id='line_1_29' title="bbox 84 3024 860 3101; baseline -0.004 -18"><span class='ocrx_word' id='word_1_141' title='bbox 84 3044 85 3049; x_wconf 50' lang='lat'>¹</span> <span class='ocrx_word' id='word_1_142' title='bbox 194 3025 345 3083; x_wconf 88' lang='lat' dir='ltr'><strong>Rumena·</strong></span> <span class='ocrx_word' id='word_1_143' title='bbox 357 3042 452 3083; x_wconf 88' lang='lat' dir='ltr'><strong>cornu</strong></span> <span class='ocrx_word' id='word_1_144' title='bbox 471 3026 649 3101; x_wconf 90' lang='lat' dir='ltr'><strong>prominens</strong></span> <span class='ocrx_word' id='word_1_145' title='bbox 669 3024 860 3101; x_wconf 87' lang='lat' dir='ltr'><strong>peninsulae.</strong></span> 
     </span>
    </p>
   </div>
   <div class='ocr_carea' id='block_1_6' title="bbox 125 3109 945 3867">
    <p class='ocr_par' dir='ltr' id='par_1_10' title="bbox 193 3109 945 3697">
     <span class='ocr_line' id='line_1_30' title="bbox 193 3109 832 3185; baseline -0.005 -15"><span class='ocrx_word' id='word_1_146' title='bbox 193 3109 329 3170; x_wconf 88' lang='lat' dir='ltr'><strong>Accedet</strong></span> <span class='ocrx_word' id='word_1_147' title='bbox 349 3109 562 3185; x_wconf 84' lang='lat' dir='ltr'><strong>insperatus[,]</strong></span> <span class='ocrx_word' id='word_1_148' title='bbox 586 3110 709 3175; x_wconf 85' lang='lat' dir='ltr'><strong>accedet</strong></span> <span class='ocrx_word' id='word_1_149' title='bbox 731 3118 832 3167; x_wconf 84' lang='lat' dir='ltr'><strong>tamen</strong></span> 
     </span>
     <span class='ocr_line' id='line_1_31' title="bbox 193 3194 862 3272; baseline -0.001 -17"><span class='ocrx_word' id='word_1_150' title='bbox 193 3194 296 3255; x_wconf 87' lang='lat' dir='ltr'><strong>Nobis</strong></span> <span class='ocrx_word' id='word_1_151' title='bbox 319 3194 433 3253; x_wconf 88' lang='lat' dir='ltr'><strong>amicus</strong></span> <span class='ocrx_word' id='word_1_152' title='bbox 454 3214 564 3271; x_wconf 83' lang='lat' dir='ltr'><strong>sospes</strong></span> <span class='ocrx_word' id='word_1_153' title='bbox 585 3214 674 3268; x_wconf 79' lang='lat' dir='ltr'><strong>unus,</strong></span> <span class='ocrx_word' id='word_1_154' title='bbox 696 3194 862 3272; x_wconf 85' lang='lat' dir='ltr'><strong>Drymnius</strong></span> 
     </span>
     <span class='ocr_line' id='line_1_32' title="bbox 193 3279 894 3357; baseline -0.003 -18"><span class='ocrx_word' id='word_1_155' title='bbox 193 3280 281 3339; x_wconf 88' lang='lat' dir='ltr'><strong>Deus</strong></span> <span class='ocrx_word' id='word_1_156' title='bbox 302 3279 521 3339; x_wconf 79' lang='lat' dir='ltr'><strong>Promontbeus</strong></span> <span class='ocrx_word' id='word_1_157' title='bbox 543 3281 689 3357; x_wconf 85' lang='lat' dir='ltr'><strong>Aethiops</strong></span> <span class='ocrx_word' id='word_1_158' title='bbox 713 3279 894 3357; x_wconf 83' lang='lat' dir='ltr'><strong>Gyrapsius‚</strong></span> 
     </span>
     <span class='ocr_line' id='line_1_33' title="bbox 194 3364 855 3441; baseline 0 -20"><span class='ocrx_word' id='word_1_159' title='bbox 194 3364 256 3439; x_wconf 82' lang='lat' dir='ltr'><strong>Qui</strong></span> <span class='ocrx_word' id='word_1_160' title='bbox 275 3365 431 3423; x_wconf 86' lang='lat' dir='ltr'><strong>bitientem</strong></span> <span class='ocrx_word' id='word_1_161' title='bbox 454 3366 573 3441; x_wconf 88' lang='lat' dir='ltr'><strong>quando</strong></span> <span class='ocrx_word' id='word_1_162' title='bbox 591 3367 749 3423; x_wconf 87' lang='lat' dir='ltr'><strong>Mutunum</strong></span> <span class='ocrx_word' id='word_1_163' title='bbox 769 3364 855 3422; x_wconf 89' lang='lat' dir='ltr'><strong>atriis</strong></span> 
     </span>
     <span class='ocr_line' id='line_1_34' title="bbox 193 3449 900 3526; baseline -0.008 -16"><span class='ocrx_word' id='word_1_164' title='bbox 193 3449 364 3520; x_wconf 84' lang='lat' dir='ltr'><strong>Nocentem</strong></span> <span class='ocrx_word' id='word_1_165' title='bbox 383 3469 484 3509; x_wconf 88' lang='lat' dir='ltr'><strong>amare</strong></span> <span class='ocrx_word' id='word_1_166' title='bbox 505 3451 602 3526; x_wconf 83' lang='lat' dir='ltr'><strong>pestis</strong></span> <span class='ocrx_word' id='word_1_167' title='bbox 624 3451 783 3509; x_wconf 83' lang='lat' dir='ltr'><strong>admittent</strong></span> <span class='ocrx_word' id='word_1_168' title='bbox 803 3467 900 3519; x_wconf 88' lang='lat' dir='ltr'><strong>reum,</strong></span> 
     </span>
     <span class='ocr_line' id='line_1_35' title="bbox 194 3532 945 3613; baseline -0.008 -18"><span class='ocrx_word' id='word_1_169' title='bbox 194 3536 236 3595; x_wconf 82' lang='lat' dir='ltr'><strong>Et</strong></span> <span class='ocrx_word' id='word_1_170' title='bbox 256 3554 333 3610; x_wconf 90' lang='lat' dir='ltr'><strong>quos</strong></span> <span class='ocrx_word' id='word_1_171' title='bbox 356 3537 475 3609; x_wconf 88' lang='lat' dir='ltr'><strong>acerba,</strong></span> <span class='ocrx_word' id='word_1_172' title='bbox 498 3554 632 3613; x_wconf 86' lang='lat' dir='ltr'><strong>quosque</strong></span> <span class='ocrx_word' id='word_1_173' title='bbox 654 3555 756 3593; x_wconf 87' lang='lat' dir='ltr'><strong>rerum</strong></span> <span class='ocrx_word' id='word_1_174' title='bbox 776 3532 945 3609; x_wconf 84' lang='lat' dir='ltr'><strong>asperrima</strong></span> 
     </span>
     <span class='ocr_line' id='line_1_36' title="bbox 194 3619 842 3697; baseline -0.008 -18"><span class='ocrx_word' id='word_1_175' title='bbox 194 3622 332 3693; x_wconf 88' lang='lat' dir='ltr'><strong>Manent,</strong></span> <span class='ocrx_word' id='word_1_176' title='bbox 356 3621 435 3697; x_wconf 88' lang='lat' dir='ltr'><strong>dape</strong></span> <span class='ocrx_word' id='word_1_177' title='bbox 459 3629 549 3697; x_wconf 86' lang='lat' dir='ltr'><strong>atque</strong></span> <span class='ocrx_word' id='word_1_178' title='bbox 568 3621 677 3679; x_wconf 80' lang='lat' dir='ltr'><strong>inferio</strong></span> <span class='ocrx_word' id='word_1_179' title='bbox 698 3619 842 3679; x_wconf 88' lang='lat' dir='ltr'><strong>libamine</strong></span> 
     </span>
    </p>

    <p class='ocr_par' dir='ltr' id='par_1_11' title="bbox 125 3702 863 3867">
     <span class='ocr_line' id='line_1_37' title="bbox 125 3702 863 3779; baseline -0.008 -14"><span class='ocrx_word' id='word_1_180' title='bbox 125 3710 128 3715; x_wconf 68' lang='lat'>‘</span> <span class='ocrx_word' id='word_1_181' title='bbox 194 3708 329 3765; x_wconf 88' lang='lat' dir='ltr'><strong>Mactare</strong></span> <span class='ocrx_word' id='word_1_182' title='bbox 350 3707 539 3765; x_wconf 86' lang='lat' dir='ltr'><strong>conabuntur</strong></span> <span class='ocrx_word' id='word_1_183' title='bbox 555 3707 700 3765; x_wconf 90' lang='lat' dir='ltr'><strong>immitem</strong></span> <span class='ocrx_word' id='word_1_184' title='bbox 720 3702 863 3779; x_wconf 73' lang='lat' dir='ltr'><strong>Oropum.</strong></span> 
     </span>
     <span class='ocr_line' id='line_1_38' title="bbox 196 3788 845 3867; baseline -0.008 -17"><span class='ocrx_word' id='word_1_185' title='bbox 196 3790 328 3851; x_wconf 87' lang='lat' dir='ltr'><strong>Gravem</strong></span> <span class='ocrx_word' id='word_1_186' title='bbox 348 3792 506 3850; x_wconf 90' lang='lat' dir='ltr'><strong>tumultum</strong></span> <span class='ocrx_word' id='word_1_187' title='bbox 530 3800 625 3867; x_wconf 86' lang='lat' dir='ltr'><strong>ponet</strong></span> <span class='ocrx_word' id='word_1_188' title='bbox 645 3792 676 3849; x_wconf 87' lang='lat' dir='ltr'><strong>in</strong></span> <span class='ocrx_word' id='word_1_189' title='bbox 696 3788 845 3847; x_wconf 83' lang='lat' dir='ltr'><strong>convivio.</strong></span> 
     </span>
    </p>
   </div>
   <div class='ocr_carea' id='block_1_7' title="bbox 0 0 1457 4650">
    <p class='ocr_par' dir='ltr' id='par_1_12' title="bbox 0 0 1457 4650">
     <span class='ocr_line' id='line_1_39' title="bbox 0 0 1457 4650; baseline 0 0"><span class='ocrx_word' id='word_1_190' title='bbox 0 0 1457 4650; x_wconf 95' lang='lat' dir='ltr'><strong> </strong></span> 
     </span>
    </p>
   </div>
  </div>
 </body>
</html>
