2884 4650
610 545 759 641 —2—43-

181 750 182 753 =
228 704 280 772 Ἐν
299 711 344 793 τῷ
369 708 543 771 δικάσαιτο
564 710 641 795 ταχύ
662 713 734 787 πᾶν,
756 709 902 772 ὑπαίτιον.

231 793 395 861 Φειδωλδς
416 790 453 854 ού
473 814 534 877 τειρ
555 795 699 877 χρηστὸς,
721 791 793 856 ἐσθ’
816 792 901 877 αύτῷ
920 791 1023 863 κακύς.

226 873 280 940 Ἐν
303 880 400 939 τοῖσιν
420 874 549 961 ἀπόροις
567 860 631 941 ἐστὶ
649 880 735 962 παρά
756 879 829 941 ολον
846 876 936 941 πολύ.

229 957 296 1025 Ούκ
317 959 375 1023 εἶσ’
398 961 536 1047 ὑβρισταὶ
558 963 706 1047 σχετλίων
729 962 882 1045 ακληρίαι.

228 1043 392 1108 Σύνοιδ’ὁ
439 1045 528 1128 είρων
553 1046 599 1114 οἷς
622 1048 637 1110 ύ
659 1047 803 1129 κρείττων
825 1044 922 1128 ἤλιτε.

221 1127 264 1193 Ἦ
287 1129 327 1191 δι’
352 1068 484 1209 εύγέθει’
508 1130 572 1193 ἐστ’
588 1131 784 1195 ἀνεπίδεκτον
806 1130 934 1214 ύβρεως.

223 1210 368 1282 Ἀναξίου
393 1212 540 1298 δεόμενος
561 1214 677 1284 ἀδικεῖς
696 1214 848 1297 τούγενές.

218 1291 379 1366 θἈπαντας
400 1295 511 1383 ἔβλαψ’
537 1299 665 1367 ἀθλίους
685 1299 850 1385 ἀχάριστος
868 1296 922 1365 εἷς.

226 1378 361 1467 Ἐχθρὸν
384 1383 551 1467 φοβεῖσθαι
570 1385 621 1446 καὶ
641 1384 848 1468 χαμαίζηλον,
872 1385 984 1466 σοροῦ.

227 1463 319 1530 Τῖσαι
340 1466 390 1528 τὸν
415 1465 527 1551 ἐχθρόν
549 1467 613 1530 ἐστι
635 1468 778 1552 δεύτερος
801 1468 876 1551 βίος.

227 1550 316 1632 Λήθη
338 1551 469 1635 βαρειιῖιν
492 1550 569 1614 ἐστὶν
594 1552 711 1637 ὕβρεων
736 1551 819 1619 ἄκος.

227 1632 326 1719 Χάριν
352 1634 491 1720 δεομένῳ
512 1636 557 1703 δὶς
579 1636 689 1699 δίδωσ’
711 1638 728 1699 ὁ
754 1635 827 1703 δούς
843 1633 931 1717 ταχύ.

227 1716 328 1802 Παύρ’
353 1719 475 1803 ὑστερεῖ
491 1718 607 1802 πένητι,
630 1720 732 1783 πολλὰ
752 1719 877 1802 κίμβικι.

227 1799 387 1885 Μεμηνύτ’
410 1803 496 1887 ἀνδρὶ
516 1808 576 1871 πᾶς
596 1804 764 1888 μεμηνέναι
786 1805 880 1867 δοκεῖ.

184 1929 188 1937 ,
222 1882 389 1955 Ἕνακευος
411 1885 504 1950 ἕνδεκ’
530 1888 636 1971 ὀλβίου
659 1890 692 1951 τὸ
714 1889 911 1972 φιλάργυρον.

226 1969 303 2034 Ποῖ’
322 1972 395 2048 ἐστὶ,
417 1970 561 2055 μάνθαν’,
586 1974 665 2035 ὥστε
688 1974 774 2056 δρᾷν,
793 1970 832 2033 τὰ
849 1970 977 2053 κρήγυα.

228 2054 353 2123 Φθύνος
373 2058 407 2120 τὸ
431 2056 593 2141 βλαβερὸν,
616 2055 653 2119 ού
676 2057 709 2119 τὸ
730 2055 889 2139 σύμφορον
912 2054 1011 2116 λαλεῖ.

228 2138 352 2208 Φθύνυς
372 2140 472 2224 λάθρα
497 2141 563 2224 μὲν,
586 2143 746 2224 δυσμενῶς
767 2139 796 2202 δ’
822 2139 982 2223 ὀργίζεται
1030 2134 1033 2142 ’

224 2224 367 2288 Ἀνεκτδν
387 2225 578 2309 εύψύχοισιν,
596 2250 616 2308 η
641 2227 755 2309 μάκαρι
771 2222 896 2308 ιρθύνος.

226 2309 371 2395 Παριδὼν
393 2310 426 2373 τὸ
448 2310 649 2394 πλημμέλημ’
674 2309 857 2395 ἁμαρτάνειν
878 2306 984 2376 ποιεῖς.
1083 2347 1086 2354 ·

222 2393 346 2459 Ἀκοντ’
372 2395 489 2479 ἐρύκων
513 2395 652 2464 ἐκκαλεῖς
672 2394 792 2464 ἐξιέναι.

225 2475 338 2561 Ὀργὴν
360 2479 514 2562 φυλάττου
535 2479 666 2564 βραχέα,
693 2480 746 2562 τὴν
769 2477 786 2541 ἔ
807 2475 884 2560 θραν
908 2474 941 2539 δ’
964 2475 1023 2540 ἀεί.

228 2562 458 2646 Χολουμένοισι
477 2562 578 2646 τόλμα
599 2566 651 2626 καὶ
668 2563 772 2712 ἓουλὴ
785 2501 890 2623 δοκεῖ.

227 2646 363 2730 Παύρων
388 2644 535 2730 δεύμενύς
555 2648 644 2725 ἐστιν,
688 2671 702 2716 ς
722 2646 849 2731 παύρων
874 2641 941 2750 ep}

227 2729 281 2814 Μὴ
308 2730 383 2816 δρηῖν
406 2755 444 2810 τι,
469 2733 576 2813 μίσους
596 2735 675 2798 ὥστε
698 2734 827 2816 πάσχειν
852 2729 879 2791 α’
906 2730 984 2800 αξια.

227 2815 407 2892 Πίστευσον,
430 2820 472 2884 ὡς
493 2817 532 2900 μὴ
557 2818 690 2900 δυσμενῆ
710 2815 850 2890 κτᾶσθαι,
871 2814 961 2900 ρίλιρ.

228 2897 347 2963 Γένοιτ’
374 2899 409 2962 ἀν
432 2899 522 2964 οὐδὲν
543 2901 614 2982 ἡδὺ,
638 2903 715 2984 πλὴν
737 2901 772 2964 ἐκ
795 2901 975 2984 μεταβολῆς.

227 2983 349 3047 Σαυτού
368 2984 521 3066 κατέγνως
543 2984 647 3048 ἄδικον
672 2985 829 3061 ἀπολύων,
851 2985 946 3067 κριτά.

222 3067 370 3151 Ἀλγησις
391 3067 513 3153 ἐχθρῶν
536 3070 733 3153 ἠδικημένοις
753 3068 835 3137 ἄκος.

229 3148 328 3216 Ούδὲν
353 3152 472 3236 μέτεστι
492 3155 592 3218 κοινδν
612 3153 688 3239 αἴνῳ
711 3155 763 3217 καί
781 3177 834 3238 τρυ
860 3159 892 3237 ᾗ.

222 3233 328 3321 Ἐρρει
344 3239 477 3305 παλαιὸς
501 3237 594 3314 αἶνος,
614 3241 651 3324 ἢν
675 3240 716 3322 μὴ
742 3237 811 3307 νέος
829 3261 898 3324 ορη.

223 3319 348 3389 Ἄδικος
372 3320 466 3403 νόμον
490 3321 638 3399 δέδοικεν,
666 3323 726 3388 ὁδ’
749 3323 855 3391 ἀθῶος
876 3321 981 3405 τύχην.

229 3401 276 3467 T&
297 3403 419 3470 δοθέντ’
435 3407 568 3470 Ιἀπαιτεῖ
585 3407 837 3492 μεταμελουμένη
861 3404 949 3488 τύχη.

225 3484 264 3552 ‘0
285 3494 340 3552 τού
356 3490 500 3572 γενέσθαι
521 3492 571 3555 καὶ
593 3492 709 3570 θανεῖν,
730 3493 831 3558 κοινὸς
852 3487 955 3569 νύμος.

229 3571 349 3642 Πάντας
369 3575 499 3660 δαμάζει
519 3577 571 3640 καὶ
592 3579 625 3640 τδ
649 3582 748 3659 νεῦμα
766 3580 820 3657 τῆς
842 3575 967 3655 τρυφῆς·

230 3653 339 3743 Τρυφὴ
359 3662 516 3745 χαρακτὴρ
539 3662 581 3723 ὧν
603 3661 634 3743 γ’
652 3664 667 3727 ύ
688 3665 761 3728 νοῦς
778 3661 896 3738 κοῦρος
915 3658 1032 3740 φρονεῖ.

229 3737 336 3807 Κακού
356 3745 515 3830 χαρακτὴρ
536 3747 663 3827 γλῶσσα
683 3749 738 3808 νοῦ
760 3739 962 3823 κακίστομος.

877 3840 941 3901 16·
