2884 4650
588 505 739 601 jis—

208 673 354 746 Demens,
377 681 521 731 mouente
544 681 631 750 patre
654 676 744 748 bene,
767 675 936 752 deprensus
957 688 1012 740 est.

207 757 289 818 Nam
311 758 356 816 sic
374 760 533 816 monebat:
559 757 669 832 Gnate,
694 761 805 821 bellica
822 761 889 818 clue

206 843 325 900 Virtute
341 842 453 901 victor:
479 843 566 901 vince
590 863 656 902 cum
680 845 749 904 Deo
771 853 884 903 tamen.

207 927 319 987 Contra
343 927 397 986 ille
418 935 502 986 torve
523 929 686 988 affuturae
711 930 899 1007 superbiter:

208 1014 235 1073 Ο
260 1014 391 1090 genitor,
413 1013 504 1072 etiam
527 1014 554 1072 si
576 1015 644 1090 quis
657 1022 714 1074 'est
735 1015 812 1077 nulli
832 1017 888 1088 rei,

206 1098 327 1156 Virtute
346 1098 448 1156 divum
473 1099 586 1157 vincet:
614 1108 663 1158 ast
685 1119 741 1178 ego
762 1101 841 1158 hanc
862 1101 955 1173 facul,

205 1183 307 1244 Etiam
330 1184 397 1242 sine
416 1183 479 1242 illis
500 1184 666 1260 indipiscar
686 1186 825 1262 gloriam.

205 1269 292 1328 Adeo
315 1270 443 1343 superbe
467 1277 514 1328 est
537 1269 705 1346 eloquutus.
728 1270 870 1346 Denique

206 1353 306 1412 Divae
325 1354 492 1433 Minervae,
514 1355 583 1412 dum
605 1355 744 1413 illumin
765 1356 985 1416 offertissumos

206 1437 355 1497 Hortatur
376 1440 477 1498 hostes
496 1447 611 1498 vertere
631 1441 775 1499 infestam
793 1460 926 1514 manum,

206 1523 329 1582 Dictum
351 1524 528 1598 obloquutus
550 1544 711 1602 perperam
734 1533 783 1585 est
806 1534 837 1583 et
854 1527 1023 1604 impotens:

207 1609 235 1669 Ο
258 1609 338 1680 diva,
365 1604 501 1668 Graecos
522 1617 659 1669 caeteros
682 1630 830 1688 praesens
852 1632 911 1688 ope

207 1693 334 1753 Tutare:
363 1714 433 1752 nam
455 1695 487 1754 in
508 1715 566 1754 nos
588 1696 673 1754 nulla
694 1697 741 1755 vis
762 1716 882 1772 pugnae
904 1699 1032 1775 ingruet.

206 1779 265 1838 His
288 1779 340 1836 ille
361 1780 462 1838 verbis
486 1781 546 1840 sibi
567 1780 653 1838 Deae
675 1781 883 1857 implacabiles

205 1864 325 1924 Aseivit
345 1864 419 1937 iras,
445 1866 564 1923 bomine
587 1866 707 1942 spirans
732 1866 833 1923 altius.

207 1947 268 2010 Sed
290 1948 317 2007 si
340 1949 420 2008 diem
440 1952 532 2020 istum
551 1951 682 2009 vescitur
700 1952 777 2009 vita:
800 1950 893 2021 ilicet,

205 2035 281 2108 Eius
302 2034 432 2094 salutem
455 2054 521 2093 cum
546 2035 612 2094 Deo
633 2036 831 2106 confecimus.

206 2118 294 2177 Haec
315 2139 419 2197 augur.
441 2127 472 2178 at
493 2139 542 2178 me
565 2141 604 2178 ex
628 2114 811 2180 sessimouio
834 2118 935 2176 statim

207 2204 279 2263 Tibi
301 2205 362 2263 ista
380 2205 464 2263 misit
485 2196 688 2283 perferentem
711 2205 818 2266 sedulo

205 2289 351 2349 Mandata
373 2290 500 2349 Teucer.
525 2290 559 2352 Si
581 2310 637 2349 nec
657 2292 765 2351 adsum
786 2289 928 2366 tempori,

204 2375 276 2435 Non
301 2384 425 2453 superat
446 2377 509 2447 ille,
531 2377 647 2453 siquid
671 2379 720 2436 hic
743 2376 873 2436 Calchas
894 2376 983 2451 sapit.

206 2460 262 2520 Ch.
304 2461 482 2535 Tecmessa,
507 2463 618 2521 misera
637 2464 757 2536 mulier,
781 2460 889 2520 infelix
909 2480 1017 2537 genus,

206 2546 338 2618 Accede,
362 2556 392 2605 et
413 2547 493 2619 audi,
514 2548 686 2621 qualia‘hic
707 2549 802 2605 verba
823 2547 987 2623 obstrepit:
1121 2548 1172 2603 785

206 2630 296 2705 Quae
320 2632 460 2710 gaudium
484 2652 573 2691 omne
598 2641 793 2710 expectorant
811 2632 914 2690 animo
932 2632 1015 2689 mihi.

207 2715 281 2775 Tec.
327 2717 408 2792 Quid
428 2738 475 2775 me
498 2718 647 2777 misellam
665 2720 717 2777 vix
739 2718 943 2793 quiescentem
969 2736 988 2774 a
1008 2717 1097 2775 malis

207 2802 277 2860 Meo
296 2810 436 2861 recenter
455 2804 593 2862 excitatis
616 2805 654 2861 de
675 2803 776 2863 statu?

206 2885 262 2947 ch.
310 2888 381 2946 Tibi
404 2878 476 2965 ergo
494 2889 581 2946 ,dicat
599 2890 673 2947 ista:
699 2908 770 2946 nam
793 2907 841 2947 me
863 2888 900 2946 de
919 2896 971 2947 tuo

204 2973 299 3031 Aiace
323 2992 401 3049 quae
422 2974 566 3047 narravit,
589 2974 766 3033 exanimant
784 2982 876 3033 metu.
1120 2976 1172 3029 790

205 3057 280 3115 Teo.
328 3057 411 3131 Hau,
420 3058 462 3115 mi
472 3059 570 3131 homo,
583 3061 654 3133 quid
666 3060 733 3118 ais?
745 3080 785 3117 an
796 3060 918 3137 penitus
927 3077 984 3135 ego
1002 3056 1121 3116 occidi?

204 3141 304 3202 Nunc.
326 3143 427 3206 Dete
448 3144 524 3202 nihil
545 3145 707 3221 promitto:
732 3146 769 3202 de
789 3146 884 3204 Aiace
902 3152 1046 3213 attamen,

206 3226 249 3288 Sis
262 3227 428 3287 eliminavit
441 3229 512 3302 ille,
532 3250 595 3287 non
618 3250 739 3306 sperem
761 3232 850 3288 bene.

206 3305 281 3371 Tecss
332 3314 509 3373 Eliminarit
532 3316 558 3373 is
582 3316 714 3392 quidem,
738 3324 771 3373 ut
793 3322 939 3373 metuam:
960 3309 1032 3384 quid
1053 3311 1121 3369 esti

203 3396 304 3457 Nunc.
330 3398 449 3457 lncludi
469 3407 573 3476 aperte
594 3401 683 3461 iussit
701 3401 788 3458 illum
810 3400 889 3456 intra
910 3396 1015 3455 domus
1120 3400 1173 3454 795

205 3482 361 3561 Consepta
382 3484 510 3557 Teucer,
530 3504 587 3545 nec
606 3487 691 3545 foras
712 3486 859 3543 amittere.

181 3635 183 3641 ¹
206 3567 279 3628 Tec.
328 3570 389 3631 Ubi
410 3570 478 3647 ipse
501 3570 640 3629 Teucer?
668 3590 720 3629 cur
741 3570 768 3627 is
789 3569 865 3625 haec
882 3566 960 3624 adeo
982 3566 1087 3626 iubet?

204 3652 305 3713 Nunc.
328 3656 394 3713 Iam
415 3675 485 3713 mox
506 3656 616 3715 redibit
636 3656 697 3713 ille.
715 3661 867 3712 caeterum
890 3651 1004 3711 exitum

204 3738 345 3799 Hominis
365 3740 404 3799 ad
424 3740 543 3816 aliquod
562 3740 685 3799 tendere
709 3739 833 3797 exitium
855 3746 999 3797 autumat.
