2884 4650
686 544 836 637 A

308 712 390 772 Hinc
410 713 495 770 fovet
516 711 649 770 infantes
671 713 833 791 prudentia
850 711 925 770 iuris
947 713 1106 774 alumnos:

349 798 454 856 Munia
475 797 630 856 abortivus
652 818 770 858 summa
792 797 922 858 Senator
943 798 1014 858 obit.

307 883 361 942 Dii
383 883 502 954 melius,
526 890 646 940 nostrae
664 884 745 959 qnod
768 903 831 942 uon
850 891 993 959 pertaesa
1012 883 1153 942 iuventae

350 968 470 1030 Erudiit
490 986 599 1026 sensus
623 967 715 1028 Curia
737 969 836 1045 prims
859 985 954 1029 meos.

308 1055 450 1113 Exactos'
464 1052 565 1130 legum
585 1071 652 1110 mea
670 1073 757 1112 mens
780 1061 917 1129 spectata
938 1071 994 1129 per
1016 1072 1089 1112 usus

350 1138 520 1200 Emendate
544 1137 635 1196 bonis
659 1139 789 1196 cultibus
813 1145 884 1196 aute
908 1138 973 1196 fuit.
1183 1132 1187 1141 ’

308 1223 457 1300 Quicquid
482 1223 514 1279 in
536 1224 667 1281 aeternis
688 1221 823 1300 positum
846 1222 1042 1281 memorabile
1063 1223 1176 1283 chartis

351 1307 509 1368 Historiae
528 1307 639 1366 veteris
660 1308 749 1384 copia
770 1308 855 1367 dives
875 1308 981 1383 habet:

308 1393 453 1468 Quaeque
474 1411 530 1468 per
550 1391 676 1452 annales
698 1393 816 1469 priscos
837 1401 888 1450 aut
910 1391 1030 1451 Graeca
1053 1401 1203 1466 vetustte,

351 1481 528 1555 Magnarum
554 1486 606 1535 aut
623 1498 723 1537 rerum
745 1479 865 1536 conseia
888 1478 987 1536 Roma
1005 1486 1104 1537 notat:

309 1563 389 1622 Tum
410 1563 533 1639 linguae
554 1562 684 1620 studium
706 1563 853 1622 Varronis
878 1582 966 1622 sacra
985 1563 1100 1636 diserti,

351 1648 485 1706 Romani
507 1647 619 1721 eloquii
640 1667 778 1725 quaeque
798 1657 918 1706 tuentur
940 1666 1029 1723 opes:

310 1731 428 1792 Cuncta
450 1732 524 1789 mihi
543 1743 687 1810 percepta
707 1734 803 1810 prius,
827 1753 916 1810 quam
937 1733 1048 1790 audere
1071 1733 1189 1791 viderer

352 1818 455 1877 Nsuta
476 1836 533 1894 per
554 1817 673 1895 ignotos
694 1819 846 1876 velificare
867 1817 961 1877 lacus.
1052 1892 1054 1896 ,

309 1903 377 1963 Nec
398 1903 526 1962 blandas
549 1904 650 1980 sprevi
676 1904 854 1961 commercia
871 1902 977 1961 mollia
997 1903 1114 1961 Musas.

353 1990 435 2065 Quin
456 1988 554 2064 spatia
574 1989 649 2046 haec
670 1990 761 2048 metis
782 1990 882 2066 prima
902 1988 988 2046 fuere
1011 1987 1097 2047 meis.

309 2075 448 2152 Lauguet
464 2075 496 2131 in
516 2074 638 2135 incultis
661 2075 770 2133 animis
792 2073 952 2150 prudentis
978 2071 1092 2150 legum:

354 2159 502 2220 Sensibus
523 2159 678 2216 instructis
702 2159 799 2216 acrior
819 2158 873 2215 illa
894 2157 983 2216 subit.
1085 2186 1087 2189 ·

310 2247 391 2305 Hinc
412 2264 460 2302 me
483 2244 616 2303 Romani
634 2244 776 2301 devotum
798 2243 872 2301 iuris
892 2243 1045 2300 alumnum

352 2330 519 2406 Excipiunt
540 2329 696 2387 Themidis
722 2348 809 2388 sacra
831 2329 961 2387 verenda
982 2328 1077 2386 Deae.

310 2417 372 2475 Vix
392 2416 440 2475 bis
462 2416 612 2492 egredior,
633 2434 704 2473 mox
727 2434 776 2472 me
796 2414 928 2472 Palatia·
935 2421 1076 2489 poscunt.

353 2500 512 2560 Convenio
536 2500 623 2559 miles
640 2501 679 2558 ad
699 2520 768 2557 mea
789 2501 878 2577 signa
898 2501 1057 2575 frequens:

310 2586 430 2663 Fungar
452 2586 610 2645 honoratis
633 2586 761 2659 vicibus,
784 2586 973 2658 celebrisque
994 2603 1051 2660 per
1069 2601 1174 2641 omues
1240 2649 1243 2660 Ι

352 2670 480 2728 Militiae
501 2680 622 2729 exercet
641 2690 689 2728 me
710 2680 780 2749 toga
800 2671 890 2729 docta
908 2669 1031 2746 gradus.

310 2759 360 2829 Et,
379 2754 459 2829 quod
481 2764 554 2813 nota
574 2757 676 2815 forent
697 2757 772 2813 mihi
791 2774 909 2815 summa
930 2755 1065 2830 negotia,
1085 2754 1204 2831 maguis

353 2839 529 2916 Principum
550 2841 689 2899 amicitiis
713 2842 835 2917 publica
857 2859 928 2898 cura
949 2839 1003 2896 fui.

312 2926 453 2988 Summus
473 2943 553 2999 apex
572 2926 716 2996 restabat,
739 2927 864 3001 stipsis
886 2924 1029 3003 proxima
1049 2921 1140 2981 Diris

354 3009 439 3083 Quas
464 3008 546 3067 claro
568 3010 664 3086 fulget
683 3029 818 3086 purpura
839 3012 936 3087 prima
954 3009 1031 3067 loco.

311 3094 526 3162 Emendicatae
550 3114 611 3152 non
632 3095 709 3151 hanc
730 3095 875 3172 suffragia
893 3096 987 3166 vocis,

352 3181 422 3241 Non
445 3198 571 3257 magnas
591 3180 716 3238 vincens
739 3180 868 3239 ambitus
892 3200 962 3239 acer
983 3197 1069 3253 opes,

311 3266 418 3327 Gratia
438 3285 498 3323 non
522 3264 684 3341 expressit.
707 3265 881 3322 inaffectata
901 3282 1060 3341 supremus

354 3350 464 3409 Virtuti
484 3368 612 3428 magnae
631 3350 768 3426 praemis
786 3350 891 3426 pendit
910 3353 1017 3409 honos.

310 3434 384 3494 Non
405 3437 471 3495 sine
492 3435 561 3497 Diis
581 3434 715 3513 probitas
739 3443 894 3512 grassatur
915 3436 954 3493 ad
975 3434 1069 3492 ardus
1086 3452 1198 3492 rerum.

353 3519 426 3579 Non
447 3522 526 3582 levis
545 3531 593 3580 est
611 3520 720 3581 summi
741 3520 865 3578 conscia
886 3538 996 3579 caussa
1017 3519 1139 3596 gradus.

311 3603 439 3664 Oulmen
463 3607 501 3663 ad
521 3608 580 3666 boc
600 3608 699 3683 patuit
716 3605 766 3662 ria
787 3605 932 3664 moribus.
953 3607 1010 3663 huc
1032 3622 1101 3661 mea
1124 3603 1220 3664 matus

353 3692 404 3749 Mc
425 3691 516 3749 vehit.
531 3693 618 3751 ,haec
638 3692 704 3749 rexi
727 3690 817 3768 signa
838 3698 965 3748 vocante
987 3688 1067 3748 Deo.

311 3774 487 3851 Quamlibet
507 3777 628 3835 obiiciat
650 3777 740 3837 nobis
763 3794 880 3835 annosa
899 3782 1047 3846 vetustas,
