2884 4650
565 532 713 625 ..ffl-

182 691 371 754 Securitatis.
394 693 455 752 Hic
476 706 596 756 veretur
614 701 752 775 perdere,

181 779 229 836 Tu
248 778 297 838 vis
318 780 441 836 habere.
463 778 577 858 Cogita
591 793 708 859 ,quanto
733 786 830 842 minor
907 775 909 782 ¹

181 863 339 922 Habuisse
361 884 515 941 nunquam
537 869 576 926 sit
595 869 806 948 dolor,{quam
829 871 965 947 perdere.
1037 889 1038 892 ’

127 1060 131 1070 ·
182 1034 211 1092 8.
257 1035 379 1091 Avarus
404 1041 493 1107 atque
512 1036 671 1114 prodigus,
690 1041 838 1116 pecuniae

182 1115 261 1178 Sunt
281 1119 372 1176 ambo
395 1119 492 1195 egeni.
513 1119 664 1200 Prodigus
684 1127 843 1201 pecuniam

182 1203 255 1260 Mox
277 1223 338 1260 non
357 1204 489 1266 habeh't.
512 1214 561 1263 ast
581 1226 689 1268 avarus
712 1229 865 1285 nunquam
886 1211 986 1268 habet.

182 1371 210 1430 9.
253 1369 457 1448 Quaecunque
477 1375 507 1430 in
530 1393 601 1433 arca
621 1377 725 1446 condit
745 1389 887 1457 aggestas
907 1397 988 1456 opes
1044 1358 1048 1364 Ι

180 1459 313 1529 Avarus,
335 1456 403 1515 aliis
421 1459 556 1532 abstulit,
580 1470 670 1538 negat
693 1465 761 1522 sibi.

180 1541 348 1600 Fraudavit
368 1542 458 1615 alios,
486 1563 579 1620 seque
603 1546 724 1606 fraudat
745 1549 892 1608 ultimum.

185 1711 232 1769 10.
280 1713 383 1789 Opum
404 1713 577 1774 redundans
597 1715 691 1789 rivus,
716 1725 746 1774 et
770 1719 957 1794 superfluens

138 1795 150 1808 ⁸
180 1797 309 1855 Licente
326 1797 413 1870 luxu,
436 1799 573 1857 moribus
596 1801 675 1878 frugi
697 1810 793 1860 nocet.

180 1882 277 1940 Duris
301 1891 423 1960 egestas
445 1884 523 1961 cogit
543 1885 577 1941 in
599 1886 690 1944 rebus
712 1888 808 1944 bonos

180 1967 309 2026 Patrare
330 1967 431 2026 famae
452 1988 514 2033 non
535 1968 646 2027 decora
668 1971 823 2045 pristinae.

181 2053 247 2110 Viri
269 2053 353 2110 beati
373 2053 436 2110 vita
455 2054 604 2130 castigata
625 2055 666 2112 sit

180 2137 223 2198 Ut
244 2158 309 2196 non
328 2157 434 2215 egena,
458 2139 503 2197 sic
524 2158 637 2216 egenae
657 2141 808 2216 proxima.

185 2308 201 2367 1·
207 2309 233 2367 1.
277 2306 379 2369 Stulta
400 2315 447 2367 est
467 2308 588 2384 cupido,
609 2328 687 2385 quae
707 2308 772 2369 dies
794 2309 906 2387 longos
929 2309 1002 2382 sitit,

180 2394 221 2453 Idt
240 2393 405 2471 plurimum
429 2394 496 2453 aevi
514 2394 662 2470 plurimas
687 2394 765 2453 vitas
788 2402 882 2471 putat.

181 2479 255 2539 Non
277 2498 371 2555 saepe
392 2479 503 2552 vivere,
522 2486 553 2537 at
572 2480 650 2538 mori
672 2480 776 2536 datum
798 2488 845 2537 est
864 2478 969 2539 semel.

183 2563 313 2623 Centum
334 2572 473 2623 senectus
495 2564 579 2621 mille
599 2564 690 2623 seclis
713 2582 836 2642 aggere,

181 2651 223 2709 Et
241 2650 326 2707 mille
349 2649 416 2707 vive
434 2648 602 2708 Nestoras:
625 2650 779 2710 dementia
804 2657 851 2707 est

183 2735 298 2794 Putare
316 2734 428 2793 multas
450 2754 545 2810 posse
568 2734 645 2793 vitas
665 2728 778 2807 vivere,

146 2812 148 2817 ¹
184 2823 245 2879 Aut
267 2820 370 2878 vivere
389 2819 492 2892 ullam,
512 2826 633 2896 praeter
654 2820 732 2876 hanc
755 2838 844 2895 qnam
864 2818 1035 2896 perdimus:

185 2908 246 2965 Aut
266 2904 395 2981 perdere
412 2904 517 2976 ullam,
538 2912 659 2981 praeter
676 2906 755 2962 hanc
778 2922 867 2979 quam
888 2904 1025 2963 vivimus.

191 3075 238 3133 12.
276 3074 418 3133 Formido
439 3074 546 3132 mortis
567 3082 664 3133 morte
684 3074 781 3150 peior.
806 3093 869 3133 non
890 3082 975 3150 potes

187 3160 292 3217 Vitare
315 3166 450 3230 mortem,
474 3158 528 3218 sed
547 3167 632 3235 potes
655 3167 855 3217 contemnere.

502 3246 585 3301 Idem
608 3245 781 3302 Trocltot‘ois.
1000 3314 1001 3319 η

188 3327 328 3386 Pallidae
349 3328 477 3387 formido
498 3329 604 3390 mortis
622 3329 692 3405 ipsa
710 3336 808 3388 morte
829 3327 917 3403 peior
935 3330 991 3381 est

189 3412 261 3472 Non
282 3421 372 3490 potes
392 3414 487 3471 vitare
506 3422 645 3487 mortem,
674 3414 730 3472 sed
751 3421 840 3489 potes
863 3416 1065 3467 contemnere.

447 3584 495 3642 13.
542 3538 668 3641 Heni-iao
690 3582 848 3639 Roozova'o.
1011 3648 1016 3661 υ

191 3664 286 3724 Nulla
307 3686 379 3744 ergo
400 3668 493 3726 flendi
512 3676 595 3727 meta
613 3676 675 3725 tam
696 3684 798 3723 carum
818 3661 927 3741 caput?

191 3749 258 3811 Nec
276 3754 342 3810 ulla
359 3753 428 3813 finis
449 3754 652 3825 lacrimarum,
672 3768 729 3808 nec
745 3748 865 3828 pudor?

878 3860 898 3917 8
