2884 4650
571 549 720 645 Q

191 720 221 779 2.
267 715 410 792 Quirini
433 717 606 777 excessisse
626 719 749 777 modum
772 737 807 776 se
828 721 979 796 postulet:
1000 722 1100 798 impos

232 802 289 861 Est
308 802 412 875 animi,
431 803 554 880 linguae
577 811 625 862 est
641 804 742 880 impos
765 812 796 861 et
816 804 869 861 ille
891 823 975 864 snee.

188 892 288 961 Atque
310 887 456 965 oggannit
474 888 588 963 inepta,
612 897 642 946 et
663 908 740 964 quse
762 888 939 965 turpissime
958 890 1058 963 siccis,

231 968 285 1030 Nil
308 980 338 1029 et
358 972 560 1049 inexpertum,
583 974 653 1031 dum
677 974 777 1033 madet
796 975 876 1051 ipse,
897 974 973 1032 finit.

188 1058 290 1116 Mente
309 1057 393 1133 prius
417 1076 552 1135 compos,
574 1067 644 1116 tunc
666 1058 779 1117 inians.
801 1060 884 1137 Ergo
907 1066 1059 1119 memento

230 1142 313 1200 Intra
334 1142 502 1220 legitimum
525 1158 644 1201 sumere
669 1144 740 1202 vina
764 1145 898 1202 modum.

189 1226 286 1305 Surge
309 1227 391 1302 prius
414 1247 502 1302 quem
525 1246 610 1287 mens
633 1229 705 1289 vino
725 1229 904 1306 deponitur:
925 1236 956 1286 et
976 1248 1026 1303 ne,

231 1312 273 1371 Ut
295 1312 432 1370 mercede
453 1332 584 1386 merens,
606 1322 712 1372 ventre
734 1315 865 1387 trabere,
887 1314 965 1372 vide.

189 1483 219 1540 3.
262 1482 425 1540 Mensurae
445 1482 558 1541 oblitos
583 1484 646 1542 vini
665 1482 712 1542 vis
734 1496 865 1560 sumpte,
888 1482 1060 1542 modestum

231 1566 271 1625 Et
292 1567 425 1639 stultum,
450 1586 563 1627 vacuos
584 1568 694 1627 mentis
718 1575 864 1643 utrosque
886 1566 968 1626 iecit

188 1654 414 1729 Argentumque
435 1671 599 1728 eurumque
620 1654 782 1729 explorant
798 1653 870 1730 igue
891 1654 996 1729 periti:

231 1740 291 1795 Ast
306 1737 459 1795 hominum
478 1738 570 1796 nudat
589 1739 699 1797 mentis
723 1745 830 1815 operte
851 1758 966 1796 merum

188 1821 332 1895 Quemvis
357 1822 548 1899 prudentum,
567 1824 733 1899 vitiumque
754 1823 908 1881 examinet
927 1842 1028 1895 omne,
1046 1830 1081 1895 net

231 1908 290 1966 Vel
312 1908 410 1966 centis
429 1908 558 1965 rubeant
579 1928 632 1966 ora
652 1910 781 1985 pudore,
802 1907 883 1965 feeit.

188 1994 268 2052 Vina
287 2001 375 2068 ceput
391 1992 465 2049 mihi
487 1994 668 2065 concutiunt,
691 1992 901 2053 Onomacrite:
925 1992 988 2068 egit
1008 2008 1056 2048 me

230 2078 356 2160 Vinumc
378 2096 435 2135 nec
454 2078 565 2137 mentis
591 2086 638 2136 sat
663 2080 741 2136 bene
764 2096 891 2154 compos
913 2095 981 2153 ege.

188 2163 267 2221 Tota
287 2163 394 2222 doinus
414 2162 525 2220 circum
546 2165 685 2237 quatitur.
709 2161 771 2224 Sed
792 2180 882 2239 surge
901 2180 974 2239 ege,
997 2159 1098 2219 sodes:

231 2248 389 2323 Experiar,
413 2247 475 2306 vini
493 2249 539 2306 vis
562 2249 710 2307 habeatne
734 2247 840 2326 pedes,

186 2336 286 2409 Atque
308 2334 400 2392 animi
423 2341 563 2392 mentem.
588 2343 689 2392 metuo
712 2334 791 2392 maie
815 2352 853 2391 ne
875 2332 946 2406 quid
965 2332 1098 2407 ineptum

230 2419 340 2478 Ebrius
365 2427 394 2476 et
414 2419 564 2490 medidus,
585 2438 661 2477 neve
683 2419 826 2496 pudenda
846 2435 956 2495 geram.

187 2505 314 2563 Temeto
336 2503 429 2562 nimie
453 2505 480 2562 si
502 2505 570 2580 plus
592 2509 688 2578 utere,
714 2505 853 2563 nocebit:

231 2587 416 2661 sinodico,
437 2589 517 2646 haud
539 2597 658 2663 nocent,
683 2589 817 2665 proderit
839 2589 901 2644 imo
924 2584 1030 2662 magis.

533 2759 745 2816 Eratosthenis.

185 2842 310 2901 Viribus
337 2844 514 2920 aequiparat
536 2845 675 2902 flammae
698 2842 789 2902 simul
809 2838 975 2899 insinuavit

229 2927 341 2985 Vinum
362 2927 527 3000 hominem,
549 2927 648 3003 qualis
670 2927 753 2987 salse
773 2925 924 3002 profunda
945 2921 1048 2996 meris,

185 3014 249 3070 Aut
266 3012 389 3087 Aquilo,
412 3023 463 3070 aut
483 3014 530 3071 vis
552 3014 657 3072 Austri
679 3020 809 3083 exercet,
836 3017 941 3086 operta
962 3007 1099 3083 resignet

230 3097 389 3171 Funditus,
420 3105 508 3174 etque
530 3099 681 3156 hominum
694 3104 827 3173 ,pectore
848 3104 913 3154 totu
932 3092 1036 3169 quatit.

573 3267 702 3326 Hesiodi.

189 3349 302 3425 Qualia
323 3351 401 3410 dona
422 3352 504 3410 dedit
524 3352 627 3426 Liber,
647 3351 787 3428 vitaeque
808 3351 924 3418 beatae,

186 3435 404 3511 Materiemque
425 3437 495 3511 odii,
516 3445 635 3513 praeter
656 3438 703 3502 ius
725 3437 795 3494 vine
815 3431 938 3492 bibenti.

186 3519 228 3578 Et
250 3519 384 3598 linguam
405 3523 515 3596 caecis,
548 3530 738 3596 mentemque
757 3518 909 3596 pedesque
930 3529 1097 3588 manusque

186 3605 306 3666 Vinclis
327 3607 461 3684 stringit:
484 3615 515 3665 at
536 3608 564 3666 is
584 3607 716 3666 declinat
734 3603 849 3661 iumine
871 3618 990 3660 somno.

856 3768 894 3829 19
