<?xml version="1.0" encoding="UTF-8"?>
<!DOCTYPE html PUBLIC "-//W3C//DTD XHTML 1.0 Transitional//EN"
    "http://www.w3.org/TR/xhtml1/DTD/xhtml1-transitional.dtd">
<html xmlns="http://www.w3.org/1999/xhtml" xml:lang="en" lang="en">
 <head>
  <title>
</title>
<meta http-equiv="Content-Type" content="text/html;charset=utf-8" />
  <meta name='ocr-system' content='tesseract 3.04.00' />
  <meta name='ocr-capabilities' content='ocr_page ocr_carea ocr_par ocr_line ocrx_word'/>
</head>
<body>
  <div class='ocr_page' id='page_1' title='image "./poemataomnia00scalgoog_0311.png"; bbox 0 0 2884 4650; ppageno 0'>
   <div class='ocr_carea' id='block_1_1' title="bbox 223 3786 1263 3966">
    <p class='ocr_par' dir='ltr' id='par_1_1' title="bbox 223 3786 1263 3966">
     <span class='ocr_line' id='line_1_1' title="bbox 223 3786 1263 3966; baseline 0 -84"><span class='ocrx_word' id='word_1_1' title='bbox 223 3786 1263 3966; x_wconf 95' lang='lat' dir='ltr'><strong>   </strong></span> 
     </span>
    </p>
   </div>
   <div class='ocr_carea' id='block_1_2' title="bbox 1488 546 1609 605">
    <p class='ocr_par' dir='ltr' id='par_1_2' title="bbox 1488 546 1609 605">
     <span class='ocr_line' id='line_1_2' title="bbox 1488 546 1609 605; baseline 0 -1"><span class='ocrx_word' id='word_1_2' title='bbox 1488 546 1609 605; x_wconf 77' lang='lat'><strong>274</strong></span> 
     </span>
    </p>
   </div>
   <div class='ocr_carea' id='block_1_3' title="bbox 1395 632 1696 640">
    <p class='ocr_par' dir='ltr' id='par_1_3' title="bbox 1395 632 1696 640">
     <span class='ocr_line' id='line_1_3' title="bbox 1395 632 1696 640; baseline 0 4010"><span class='ocrx_word' id='word_1_3' title='bbox 1395 632 1696 640; x_wconf 95' lang='lat' dir='ltr'><strong> </strong></span> 
     </span>
    </p>
   </div>
   <div class='ocr_carea' id='block_1_4' title="bbox 638 711 2469 1301">
    <p class='ocr_par' dir='ltr' id='par_1_4' title="bbox 643 711 1699 790">
     <span class='ocr_line' id='line_1_4' title="bbox 643 711 1699 790; baseline 0.002 -19"><span class='ocrx_word' id='word_1_4' title='bbox 643 714 676 781; x_wconf 80' lang='grc' dir='ltr'>ζ</span> <span class='ocrx_word' id='word_1_5' title='bbox 693 714 757 788; x_wconf 72' lang='grc'><strong>(4</strong></span> <span class='ocrx_word' id='word_1_6' title='bbox 769 714 832 790; x_wconf 80' lang='grc'><strong>4)</strong></span> <span class='ocrx_word' id='word_1_7' title='bbox 1390 711 1699 779; x_wconf 82' lang='grc' dir='ltr'>Δικλίδας.</span> 
     </span>
    </p>

    <p class='ocr_par' dir='ltr' id='par_1_5' title="bbox 638 797 2469 962">
     <span class='ocr_line' id='line_1_5' title="bbox 638 797 2469 879; baseline 0.002 -22"><span class='ocrx_word' id='word_1_8' title='bbox 638 800 738 857; x_wconf 90' lang='lat' dir='ltr'><strong>Me</strong></span> <span class='ocrx_word' id='word_1_9' title='bbox 782 798 981 857; x_wconf 83' lang='lat' dir='ltr'><strong>verbis</strong></span> <span class='ocrx_word' id='word_1_10' title='bbox 1025 797 1281 857; x_wconf 82' lang='lat' dir='ltr'><strong>Galatea</strong></span> <span class='ocrx_word' id='word_1_11' title='bbox 1321 799 1499 859; x_wconf 84' lang='lat' dir='ltr'><strong>malis</strong></span> <span class='ocrx_word' id='word_1_12' title='bbox 1542 800 1817 871; x_wconf 82' lang='lat' dir='ltr'><strong>incessit,</strong></span> <span class='ocrx_word' id='word_1_13' title='bbox 1862 806 1929 857; x_wconf 89' lang='lat' dir='ltr'><strong>ut</strong></span> <span class='ocrx_word' id='word_1_14' title='bbox 1976 800 2040 857; x_wconf 88' lang='lat' dir='ltr'><strong>in</strong></span> <span class='ocrx_word' id='word_1_15' title='bbox 2080 819 2175 858; x_wconf 90' lang='lat' dir='ltr'><strong>me</strong></span> <span class='ocrx_word' id='word_1_16' title='bbox 2316 802 2469 879; x_wconf 54' lang='lat' dir='ltr'><strong>[ott]</strong></span> 
     </span>
     <span class='ocr_line' id='line_1_6' title="bbox 724 884 1962 962; baseline 0 -21"><span class='ocrx_word' id='word_1_17' title='bbox 724 884 974 962; x_wconf 78' lang='lat' dir='ltr'><strong>Impulit</strong></span> <span class='ocrx_word' id='word_1_18' title='bbox 1019 884 1204 942; x_wconf 82' lang='lat' dir='ltr'><strong>iratas</strong></span> <span class='ocrx_word' id='word_1_19' title='bbox 1250 904 1504 960; x_wconf 84' lang='lat' dir='ltr'><strong>vespere</strong></span> <span class='ocrx_word' id='word_1_20' title='bbox 1548 903 1735 943; x_wconf 81' lang='lat' dir='ltr'><strong>saeva</strong></span> <span class='ocrx_word' id='word_1_21' title='bbox 1772 885 1962 943; x_wconf 86' lang='lat' dir='ltr'><strong>fores.</strong></span> 
     </span>
    </p>

    <p class='ocr_par' dir='ltr' id='par_1_6' title="bbox 639 968 2291 1113">
     <span class='ocr_line' id='line_1_7' title="bbox 639 968 2291 1042; baseline 0.001 -14"><span class='ocrx_word' id='word_1_22' title='bbox 639 968 780 1028; x_wconf 90' lang='lat' dir='ltr'><strong>Hoc</strong></span> <span class='ocrx_word' id='word_1_23' title='bbox 819 970 1034 1028; x_wconf 86' lang='lat' dir='ltr'><strong>scitum</strong></span> <span class='ocrx_word' id='word_1_24' title='bbox 1076 969 1301 1027; x_wconf 77' lang='lat' dir='ltr'><strong>frustra</strong></span> <span class='ocrx_word' id='word_1_25' title='bbox 1344 976 1459 1042; x_wconf 86' lang='lat' dir='ltr'><strong>est,</strong></span> <span class='ocrx_word' id='word_1_26' title='bbox 1504 969 1736 1026; x_wconf 82' lang='lat' dir='ltr'><strong>Iniuria</strong></span> <span class='ocrx_word' id='word_1_27' title='bbox 1780 970 1969 1029; x_wconf 86' lang='lat' dir='ltr'><strong>soluit</strong></span> <span class='ocrx_word' id='word_1_28' title='bbox 2016 988 2291 1029; x_wconf 82' lang='lat' dir='ltr'><strong>amores:</strong></span> 
     </span>
     <span class='ocr_line' id='line_1_8' title="bbox 721 1053 2091 1113; baseline -0.001 0"><span class='ocrx_word' id='word_1_29' title='bbox 721 1053 887 1113; x_wconf 84' lang='lat' dir='ltr'><strong>Nam</strong></span> <span class='ocrx_word' id='word_1_30' title='bbox 928 1053 1102 1112; x_wconf 84' lang='lat' dir='ltr'><strong>furiis</strong></span> <span class='ocrx_word' id='word_1_31' title='bbox 1148 1054 1427 1113; x_wconf 85' lang='lat' dir='ltr'><strong>stimulos</strong></span> <span class='ocrx_word' id='word_1_32' title='bbox 1478 1054 1720 1112; x_wconf 83' lang='lat' dir='ltr'><strong>subiicit</strong></span> <span class='ocrx_word' id='word_1_33' title='bbox 1763 1053 1871 1112; x_wconf 88' lang='lat' dir='ltr'><strong>ille</strong></span> <span class='ocrx_word' id='word_1_34' title='bbox 1916 1054 2091 1113; x_wconf 81' lang='lat' dir='ltr'><strong>meis.</strong></span> 
     </span>
    </p>

    <p class='ocr_par' dir='ltr' id='par_1_7' title="bbox 639 1138 2343 1301">
     <span class='ocr_line' id='line_1_9' title="bbox 639 1138 2126 1216; baseline -0.003 -16"><span class='ocrx_word' id='word_1_35' title='bbox 639 1141 880 1200; x_wconf 84' lang='lat' dir='ltr'><strong>Annum</strong></span> <span class='ocrx_word' id='word_1_36' title='bbox 923 1139 1154 1197; x_wconf 85' lang='lat' dir='ltr'><strong>iuratus</strong></span> <span class='ocrx_word' id='word_1_37' title='bbox 1198 1138 1325 1197; x_wconf 87' lang='lat' dir='ltr'><strong>dixi</strong></span> <span class='ocrx_word' id='word_1_38' title='bbox 1364 1138 1582 1216; x_wconf 91' lang='lat' dir='ltr'><strong>procul</strong></span> <span class='ocrx_word' id='word_1_39' title='bbox 1626 1139 1833 1197; x_wconf 81' lang='lat' dir='ltr'><strong>abfore</strong></span> <span class='ocrx_word' id='word_1_40' title='bbox 1873 1141 1949 1197; x_wconf 84' lang='lat' dir='ltr'><strong>ab</strong></span> <span class='ocrx_word' id='word_1_41' title='bbox 1986 1138 2126 1210; x_wconf 82' lang='lat' dir='ltr'><strong>illa3</strong></span> 
     </span>
     <span class='ocr_line' id='line_1_10' title="bbox 724 1224 2343 1301; baseline 0.001 -17"><span class='ocrx_word' id='word_1_42' title='bbox 724 1226 860 1297; x_wconf 81' lang='lat' dir='ltr'><strong>Ast,</strong></span> <span class='ocrx_word' id='word_1_43' title='bbox 903 1224 1060 1300; x_wconf 89' lang='lat' dir='ltr'><strong>proh</strong></span> <span class='ocrx_word' id='word_1_44' title='bbox 1104 1224 1185 1295; x_wconf 89' lang='lat' dir='ltr'><strong>di,</strong></span> <span class='ocrx_word' id='word_1_45' title='bbox 1231 1224 1428 1300; x_wconf 88' lang='lat' dir='ltr'><strong>primo</strong></span> <span class='ocrx_word' id='word_1_46' title='bbox 1476 1224 1632 1281; x_wconf 84' lang='lat' dir='ltr'><strong>hanc</strong></span> <span class='ocrx_word' id='word_1_47' title='bbox 1672 1242 1850 1281; x_wconf 85' lang='lat' dir='ltr'><strong>mane</strong></span> <span class='ocrx_word' id='word_1_48' title='bbox 1895 1232 2179 1301; x_wconf 84' lang='lat' dir='ltr'><strong>precator</strong></span> <span class='ocrx_word' id='word_1_49' title='bbox 2220 1224 2343 1285; x_wconf 79' lang='lat' dir='ltr'><strong>adl.</strong></span> 
     </span>
    </p>
   </div>
   <div class='ocr_carea' id='block_1_5' title="bbox 639 1386 2059 1623">
    <p class='ocr_par' dir='ltr' id='par_1_8' title="bbox 639 1386 2059 1623">
     <span class='ocr_line' id='line_1_11' title="bbox 643 1386 1958 1473; baseline -0.004 -18"><span class='ocrx_word' id='word_1_50' title='bbox 643 1394 834 1471; x_wconf 70' lang='lat'>((45)</span> <span class='ocrx_word' id='word_1_51' title='bbox 1125 1386 1216 1451; x_wconf 88' lang='grc' dir='ltr'><strong>Ἦ</strong></span> <span class='ocrx_word' id='word_1_52' title='bbox 1260 1391 1365 1453; x_wconf 87' lang='grc' dir='ltr'><strong>σὸν</strong></span> <span class='ocrx_word' id='word_1_53' title='bbox 1406 1387 1497 1451; x_wconf 85' lang='grc' dir='ltr'><strong>ἔτι</strong></span> <span class='ocrx_word' id='word_1_54' title='bbox 1541 1388 1958 1473; x_wconf 77' lang='grc' dir='ltr'><strong>φθινόπωρον.</strong></span> 
     </span>
     <span class='ocr_line' id='line_1_12' title="bbox 639 1477 2059 1551; baseline -0.001 -13"><span class='ocrx_word' id='word_1_55' title='bbox 639 1479 722 1538; x_wconf 85' lang='lat' dir='ltr'><strong>Et</strong></span> <span class='ocrx_word' id='word_1_56' title='bbox 762 1487 900 1537; x_wconf 84' lang='lat' dir='ltr'><strong>tuus</strong></span> <span class='ocrx_word' id='word_1_57' title='bbox 945 1480 1286 1536; x_wconf 82' lang='lat' dir='ltr'><strong>Autumnus</strong></span> <span class='ocrx_word' id='word_1_58' title='bbox 1331 1478 1516 1535; x_wconf 83' lang='lat' dir='ltr'><strong>alieni</strong></span> <span class='ocrx_word' id='word_1_59' title='bbox 1545 1477 1724 1536; x_wconf 76' lang='lat' dir='ltr'><strong>Veris</strong></span> <span class='ocrx_word' id='word_1_60' title='bbox 1769 1478 2059 1551; x_wconf 83' lang='lat' dir='ltr'><strong>honores,</strong></span> 
     </span>
     <span class='ocr_line' id='line_1_13' title="bbox 723 1562 1944 1623; baseline -0.002 0"><span class='ocrx_word' id='word_1_61' title='bbox 723 1568 1008 1623; x_wconf 77' lang='lat' dir='ltr'><strong>Aestates</strong></span> <span class='ocrx_word' id='word_1_62' title='bbox 1047 1562 1197 1621; x_wconf 85' lang='lat' dir='ltr'><strong>alias</strong></span> <span class='ocrx_word' id='word_1_63' title='bbox 1244 1570 1304 1619; x_wconf 88' lang='lat' dir='ltr'><strong>et</strong></span> <span class='ocrx_word' id='word_1_64' title='bbox 1341 1571 1444 1619; x_wconf 82' lang='lat' dir='ltr'><strong>tua</strong></span> <span class='ocrx_word' id='word_1_65' title='bbox 1484 1562 1668 1620; x_wconf 89' lang='lat' dir='ltr'><strong>vincit</strong></span> <span class='ocrx_word' id='word_1_66' title='bbox 1707 1562 1944 1622; x_wconf 77' lang='lat' dir='ltr'><strong>Hiems.</strong></span> 
     </span>
    </p>
   </div>
   <div class='ocr_carea' id='block_1_6' title="bbox 640 1722 2446 2489">
    <p class='ocr_par' dir='ltr' id='par_1_9' title="bbox 640 1722 2446 2489">
     <span class='ocr_line' id='line_1_14' title="bbox 644 1722 2059 1810; baseline 0 -21"><span class='ocrx_word' id='word_1_67' title='bbox 644 1732 835 1808; x_wconf 65' lang='lat'>(016)</span> <span class='ocrx_word' id='word_1_68' title='bbox 1089 1722 1494 1810; x_wconf 79' lang='grc' dir='ltr'>Κεκρῦφαλοι</span> <span class='ocrx_word' id='word_1_69' title='bbox 1539 1727 1859 1810; x_wconf 83' lang='grc' dir='ltr'>σφίγγουσι</span> <span class='ocrx_word' id='word_1_70' title='bbox 1896 1728 2059 1809; x_wconf 86' lang='grc' dir='ltr'><strong>τεὴν.</strong></span> 
     </span>
     <span class='ocr_line' id='line_1_15' title="bbox 640 1814 2209 1891; baseline -0.001 -15"><span class='ocrx_word' id='word_1_71' title='bbox 640 1815 920 1876; x_wconf 85' lang='lat' dir='ltr'><strong>Reticulo</strong></span> <span class='ocrx_word' id='word_1_72' title='bbox 965 1814 1147 1873; x_wconf 85' lang='lat' dir='ltr'><strong>crinis</strong></span> <span class='ocrx_word' id='word_1_73' title='bbox 1192 1815 1486 1891; x_wconf 84' lang='lat' dir='ltr'><strong>premitur</strong></span> <span class='ocrx_word' id='word_1_74' title='bbox 1523 1816 1675 1874; x_wconf 74' lang='lat' dir='ltr'><strong>tibi?</strong></span> <span class='ocrx_word' id='word_1_75' title='bbox 1710 1816 1979 1874; x_wconf 87' lang='lat' dir='ltr'><strong>Differor</strong></span> <span class='ocrx_word' id='word_1_76' title='bbox 2016 1823 2209 1874; x_wconf 77' lang='lat' dir='ltr'><strong>aestu.</strong></span> 
     </span>
     <span class='ocr_line' id='line_1_16' title="bbox 725 1900 2198 1977; baseline -0.001 -16"><span class='ocrx_word' id='word_1_77' title='bbox 725 1901 896 1961; x_wconf 82' lang='lat' dir='ltr'><strong>Haec</strong></span> <span class='ocrx_word' id='word_1_78' title='bbox 934 1901 1084 1960; x_wconf 86' lang='lat' dir='ltr'><strong>mihi</strong></span> <span class='ocrx_word' id='word_1_79' title='bbox 1128 1901 1460 1977; x_wconf 82' lang='lat' dir='ltr'><strong>turrigerae</strong></span> <span class='ocrx_word' id='word_1_80' title='bbox 1502 1901 1698 1959; x_wconf 84' lang='lat' dir='ltr'><strong>forma</strong></span> <span class='ocrx_word' id='word_1_81' title='bbox 1740 1902 1977 1959; x_wconf 85' lang='lat' dir='ltr'><strong>videtur</strong></span> <span class='ocrx_word' id='word_1_82' title='bbox 2021 1900 2198 1977; x_wconf 86' lang='lat' dir='ltr'><strong>Opis.</strong></span> 
     </span>
     <span class='ocr_line' id='line_1_17' title="bbox 641 1985 2446 2061; baseline 0 -16"><span class='ocrx_word' id='word_1_83' title='bbox 641 1988 937 2045; x_wconf 84' lang='lat' dir='ltr'><strong>Intcctum</strong></span> <span class='ocrx_word' id='word_1_84' title='bbox 980 1993 1158 2061; x_wconf 84' lang='lat' dir='ltr'><strong>caput</strong></span> <span class='ocrx_word' id='word_1_85' title='bbox 1202 1986 1336 2043; x_wconf 78' lang='lat' dir='ltr'><strong>est?</strong></span> <span class='ocrx_word' id='word_1_86' title='bbox 1380 1987 1647 2044; x_wconf 84' lang='lat' dir='ltr'><strong>Mentem</strong></span> <span class='ocrx_word' id='word_1_87' title='bbox 1689 1987 1838 2045; x_wconf 90' lang='lat' dir='ltr'><strong>mihi</strong></span> <span class='ocrx_word' id='word_1_88' title='bbox 1876 1985 2148 2044; x_wconf 82' lang='lat' dir='ltr'><strong>funditus</strong></span> <span class='ocrx_word' id='word_1_89' title='bbox 2196 2004 2446 2045; x_wconf 85' lang='lat' dir='ltr'><strong>omnem</strong></span> 
     </span>
     <span class='ocr_line' id='line_1_18' title="bbox 726 2071 1981 2147; baseline -0.002 -17"><span class='ocrx_word' id='word_1_90' title='bbox 726 2071 974 2131; x_wconf 86' lang='lat' dir='ltr'><strong>Excutit</strong></span> <span class='ocrx_word' id='word_1_91' title='bbox 1015 2090 1095 2128; x_wconf 83' lang='lat' dir='ltr'><strong>ex</strong></span> <span class='ocrx_word' id='word_1_92' title='bbox 1128 2078 1258 2129; x_wconf 84' lang='lat' dir='ltr'><strong>toto</strong></span> <span class='ocrx_word' id='word_1_93' title='bbox 1303 2078 1553 2147; x_wconf 83' lang='lat' dir='ltr'><strong>pectore</strong></span> <span class='ocrx_word' id='word_1_94' title='bbox 1590 2072 1746 2130; x_wconf 83' lang='lat' dir='ltr'><strong>flava</strong></span> <span class='ocrx_word' id='word_1_95' title='bbox 1788 2090 1981 2130; x_wconf 81' lang='lat' dir='ltr'><strong>coma.</strong></span> 
     </span>
     <span class='ocr_line' id='line_1_19' title="bbox 641 2155 2213 2232; baseline -0.002 -16"><span class='ocrx_word' id='word_1_96' title='bbox 641 2157 796 2217; x_wconf 85' lang='lat' dir='ltr'><strong>Vela</strong></span> <span class='ocrx_word' id='word_1_97' title='bbox 838 2157 946 2215; x_wconf 85' lang='lat' dir='ltr'><strong>tibi</strong></span> <span class='ocrx_word' id='word_1_98' title='bbox 988 2156 1256 2213; x_wconf 87' lang='lat' dir='ltr'><strong>condunt</strong></span> <span class='ocrx_word' id='word_1_99' title='bbox 1295 2173 1636 2232; x_wconf 82' lang='lat' dir='ltr'><strong>suspensos</strong></span> <span class='ocrx_word' id='word_1_100' title='bbox 1688 2157 1940 2214; x_wconf 82' lang='lat' dir='ltr'><strong>candida</strong></span> <span class='ocrx_word' id='word_1_101' title='bbox 1976 2155 2213 2214; x_wconf 83' lang='lat' dir='ltr'><strong>cirros?</strong></span> 
     </span>
     <span class='ocr_line' id='line_1_20' title="bbox 726 2240 2207 2320; baseline -0.003 -19"><span class='ocrx_word' id='word_1_102' title='bbox 726 2241 939 2301; x_wconf 87' lang='lat' dir='ltr'><strong>Nihilo</strong></span> <span class='ocrx_word' id='word_1_103' title='bbox 979 2240 1321 2320; x_wconf 69' lang='lat' dir='ltr'><strong>languidior</strong></span> <span class='ocrx_word' id='word_1_104' title='bbox 1361 2258 1469 2299; x_wconf 89' lang='lat' dir='ltr'><strong>cor</strong></span> <span class='ocrx_word' id='word_1_105' title='bbox 1511 2241 1659 2298; x_wconf 88' lang='lat' dir='ltr'><strong>mihi</strong></span> <span class='ocrx_word' id='word_1_106' title='bbox 1699 2242 1943 2299; x_wconf 83' lang='lat' dir='ltr'><strong>flamma</strong></span> <span class='ocrx_word' id='word_1_107' title='bbox 1988 2240 2207 2315; x_wconf 89' lang='lat' dir='ltr'><strong>coquit.</strong></span> 
     </span>
     <span class='ocr_line' id='line_1_21' title="bbox 644 2324 2315 2404; baseline -0.002 -17"><span class='ocrx_word' id='word_1_108' title='bbox 644 2328 798 2387; x_wconf 84' lang='lat' dir='ltr'><strong>Tres</strong></span> <span class='ocrx_word' id='word_1_109' title='bbox 844 2328 1073 2386; x_wconf 79' lang='lat' dir='ltr'><strong>formas</strong></span> <span class='ocrx_word' id='word_1_110' title='bbox 1123 2326 1308 2402; x_wconf 82' lang='lat' dir='ltr'><strong>stipat</strong></span> <span class='ocrx_word' id='word_1_111' title='bbox 1345 2324 1655 2384; x_wconf 83' lang='lat' dir='ltr'><strong>Charitum</strong></span> <span class='ocrx_word' id='word_1_112' title='bbox 1697 2327 2098 2402; x_wconf 83' lang='lat' dir='ltr'><strong>pulcherrima</strong></span> <span class='ocrx_word' id='word_1_113' title='bbox 2141 2326 2315 2404; x_wconf 79' lang='lat' dir='ltr'><strong>triga.</strong></span> 
     </span>
     <span class='ocr_line' id='line_1_22' title="bbox 723 2410 2094 2489; baseline -0.002 -17"><span class='ocrx_word' id='word_1_114' title='bbox 723 2419 783 2472; x_wconf 87' lang='lat' dir='ltr'>A</span> <span class='ocrx_word' id='word_1_115' title='bbox 820 2412 1072 2471; x_wconf 83' lang='lat' dir='ltr'><strong>totidem</strong></span> <span class='ocrx_word' id='word_1_116' title='bbox 1117 2412 1332 2470; x_wconf 81' lang='lat' dir='ltr'><strong>formis</strong></span> <span class='ocrx_word' id='word_1_117' title='bbox 1375 2410 1617 2489; x_wconf 79' lang='lat' dir='ltr'><strong>singula</strong></span> <span class='ocrx_word' id='word_1_118' title='bbox 1659 2413 1900 2470; x_wconf 83' lang='lat' dir='ltr'><strong>flamma</strong></span> <span class='ocrx_word' id='word_1_119' title='bbox 1944 2412 2094 2470; x_wconf 84' lang='lat' dir='ltr'><strong>fluit.</strong></span> 
     </span>
    </p>
   </div>
   <div class='ocr_carea' id='block_1_7' title="bbox 640 2565 2370 3169">
    <p class='ocr_par' dir='ltr' id='par_1_10' title="bbox 646 2565 2014 2661">
     <span class='ocr_line' id='line_1_23' title="bbox 646 2565 2014 2661; baseline 0.002 -24"><span class='ocrx_word' id='word_1_120' title='bbox 646 2580 837 2657; x_wconf 61' lang='lat'>(017)</span> <span class='ocrx_word' id='word_1_121' title='bbox 1103 2577 1259 2654; x_wconf 81' lang='grc' dir='ltr'>Φεΰ,</span> <span class='ocrx_word' id='word_1_122' title='bbox 1311 2565 1429 2661; x_wconf 52' lang='lat' dir='ltr'><strong>spe&amp;</strong></span> <span class='ocrx_word' id='word_1_123' title='bbox 1476 2578 1577 2640; x_wconf 74' lang='grc' dir='ltr'><strong>καὶ</strong></span> <span class='ocrx_word' id='word_1_124' title='bbox 1627 2580 1693 2642; x_wconf 88' lang='grc' dir='ltr'><strong>τὸ</strong></span> <span class='ocrx_word' id='word_1_125' title='bbox 1745 2579 2014 2661; x_wconf 84' lang='grc' dir='ltr'>λάλημα.</span> 
     </span>
    </p>

    <p class='ocr_par' dir='ltr' id='par_1_11' title="bbox 641 2664 2370 2827">
     <span class='ocr_line' id='line_1_24' title="bbox 641 2664 2370 2741; baseline 0 -18"><span class='ocrx_word' id='word_1_126' title='bbox 641 2664 809 2723; x_wconf 86' lang='lat' dir='ltr'><strong>Proh</strong></span> <span class='ocrx_word' id='word_1_127' title='bbox 848 2664 1046 2738; x_wconf 80' lang='lat' dir='ltr'><strong>dolor,</strong></span> <span class='ocrx_word' id='word_1_128' title='bbox 1091 2664 1541 2741; x_wconf 85' lang='lat' dir='ltr'><strong>alloquiumque</strong></span> <span class='ocrx_word' id='word_1_129' title='bbox 1588 2673 1647 2724; x_wconf 86' lang='lat' dir='ltr'><strong>et</strong></span> <span class='ocrx_word' id='word_1_130' title='bbox 1686 2667 1883 2725; x_wconf 85' lang='lat' dir='ltr'><strong>visum</strong></span> <span class='ocrx_word' id='word_1_131' title='bbox 1922 2667 2081 2725; x_wconf 87' lang='lat' dir='ltr'><strong>livor</strong></span> <span class='ocrx_word' id='word_1_132' title='bbox 2122 2665 2370 2739; x_wconf 82' lang='lat' dir='ltr'><strong>ademit,</strong></span> 
     </span>
     <span class='ocr_line' id='line_1_25' title="bbox 728 2748 2012 2827; baseline 0.002 -21"><span class='ocrx_word' id='word_1_133' title='bbox 728 2748 919 2806; x_wconf 81' lang='lat' dir='ltr'><strong>Tecta</strong></span> <span class='ocrx_word' id='word_1_134' title='bbox 964 2750 1290 2827; x_wconf 82' lang='lat' dir='ltr'><strong>supercilio</strong></span> <span class='ocrx_word' id='word_1_135' title='bbox 1331 2752 1516 2809; x_wconf 82' lang='lat' dir='ltr'><strong>verba</strong></span> <span class='ocrx_word' id='word_1_136' title='bbox 1556 2750 1843 2826; x_wconf 88' lang='lat' dir='ltr'><strong>loquente</strong></span> <span class='ocrx_word' id='word_1_137' title='bbox 1886 2771 2012 2811; x_wconf 85' lang='lat' dir='ltr'><strong>sua.</strong></span> 
     </span>
    </p>

    <p class='ocr_par' dir='ltr' id='par_1_12' title="bbox 640 2833 2148 2981">
     <span class='ocr_line' id='line_1_26' title="bbox 640 2833 2148 2911; baseline 0.001 -17"><span class='ocrx_word' id='word_1_138' title='bbox 640 2833 780 2894; x_wconf 85' lang='lat' dir='ltr'><strong>Nos</strong></span> <span class='ocrx_word' id='word_1_139' title='bbox 819 2841 1048 2892; x_wconf 83' lang='lat' dir='ltr'><strong>stantes</strong></span> <span class='ocrx_word' id='word_1_140' title='bbox 1091 2837 1339 2911; x_wconf 86' lang='lat' dir='ltr'><strong>propius</strong></span> <span class='ocrx_word' id='word_1_141' title='bbox 1383 2845 1563 2894; x_wconf 81' lang='lat' dir='ltr'><strong>nutus</strong></span> <span class='ocrx_word' id='word_1_142' title='bbox 1610 2837 1895 2894; x_wconf 84' lang='lat' dir='ltr'><strong>miramur</strong></span> <span class='ocrx_word' id='word_1_143' title='bbox 1932 2837 2148 2910; x_wconf 77' lang='lat' dir='ltr'><strong>aniles,</strong></span> 
     </span>
     <span class='ocr_line' id='line_1_27' title="bbox 729 2918 2134 2981; baseline 0.001 -5"><span class='ocrx_word' id='word_1_144' title='bbox 729 2918 987 2977; x_wconf 80' lang='lat' dir='ltr'><strong>Lumina</strong></span> <span class='ocrx_word' id='word_1_145' title='bbox 1021 2927 1088 2976; x_wconf 89' lang='lat' dir='ltr'><strong>ut</strong></span> <span class='ocrx_word' id='word_1_146' title='bbox 1124 2920 1451 2980; x_wconf 83' lang='lat' dir='ltr'><strong>Inachidos</strong></span> <span class='ocrx_word' id='word_1_147' title='bbox 1489 2921 1679 2981; x_wconf 84' lang='lat' dir='ltr'><strong>multa</strong></span> <span class='ocrx_word' id='word_1_148' title='bbox 1718 2922 1973 2981; x_wconf 88' lang='lat' dir='ltr'><strong>bubulce</strong></span> <span class='ocrx_word' id='word_1_149' title='bbox 2016 2930 2134 2980; x_wconf 84' lang='lat' dir='ltr'><strong>tua.</strong></span> 
     </span>
    </p>

    <p class='ocr_par' dir='ltr' id='par_1_13' title="bbox 645 3002 2231 3169">
     <span class='ocr_line' id='line_1_28' title="bbox 645 3002 2231 3084; baseline 0 -19"><span class='ocrx_word' id='word_1_150' title='bbox 645 3002 781 3065; x_wconf 77' lang='lat' dir='ltr'><strong>Sta:</strong></span> <span class='ocrx_word' id='word_1_151' title='bbox 825 3004 1332 3081; x_wconf 81' lang='lat' dir='ltr'><strong>circumspectans</strong></span> <span class='ocrx_word' id='word_1_152' title='bbox 1378 3006 1664 3065; x_wconf 85' lang='lat' dir='ltr'><strong>observa:</strong></span> <span class='ocrx_word' id='word_1_153' title='bbox 1711 3008 1949 3084; x_wconf 85' lang='lat' dir='ltr'><strong>ringere</strong></span> <span class='ocrx_word' id='word_1_154' title='bbox 1990 3008 2231 3068; x_wconf 82' lang='lat' dir='ltr'><strong>frustra.</strong></span> 
     </span>
     <span class='ocr_line' id='line_1_29' title="bbox 727 3088 2087 3169; baseline 0.001 -21"><span class='ocrx_word' id='word_1_155' title='bbox 727 3088 1068 3164; x_wconf 78' lang='lat' dir='ltr'><strong>Explorate</strong></span> <span class='ocrx_word' id='word_1_156' title='bbox 1110 3088 1301 3148; x_wconf 83' lang='lat' dir='ltr'><strong>oculis</strong></span> <span class='ocrx_word' id='word_1_157' title='bbox 1344 3091 1557 3148; x_wconf 83' lang='lat' dir='ltr'><strong>intima</strong></span> <span class='ocrx_word' id='word_1_158' title='bbox 1602 3101 1813 3150; x_wconf 85' lang='lat' dir='ltr'><strong>nostra</strong></span> <span class='ocrx_word' id='word_1_159' title='bbox 1855 3093 2087 3169; x_wconf 88' lang='lat' dir='ltr'><strong>nequis.</strong></span> 
     </span>
    </p>
   </div>
   <div class='ocr_carea' id='block_1_8' title="bbox 644 3253 2464 3847">
    <p class='ocr_par' dir='ltr' id='par_1_14' title="bbox 647 3253 1852 3341">
     <span class='ocr_line' id='line_1_30' title="bbox 647 3253 1852 3341; baseline 0.002 -24"><span class='ocrx_word' id='word_1_160' title='bbox 647 3258 837 3335; x_wconf 79' lang='grc' dir='ltr'>ζ(48)</span> <span class='ocrx_word' id='word_1_161' title='bbox 1229 3253 1458 3338; x_wconf 86' lang='grc' dir='ltr'><strong>Ἀνέρα</strong></span> <span class='ocrx_word' id='word_1_162' title='bbox 1503 3260 1852 3341; x_wconf 79' lang='grc' dir='ltr'><strong>λυσσητῆρι.</strong></span> 
     </span>
    </p>

    <p class='ocr_par' dir='ltr' id='par_1_15' title="bbox 644 3343 2412 3503">
     <span class='ocr_line' id='line_1_31' title="bbox 644 3343 2412 3421; baseline 0.002 -20"><span class='ocrx_word' id='word_1_163' title='bbox 644 3344 1077 3419; x_wconf 83' lang='lat' dir='ltr'><strong>Quemcunque</strong></span> <span class='ocrx_word' id='word_1_164' title='bbox 1117 3343 1369 3421; x_wconf 86' lang='lat' dir='ltr'><strong>appetiit</strong></span> <span class='ocrx_word' id='word_1_165' title='bbox 1405 3346 1649 3404; x_wconf 83' lang='lat' dir='ltr'><strong>rabidae</strong></span> <span class='ocrx_word' id='word_1_166' title='bbox 1693 3347 1859 3406; x_wconf 81' lang='lat' dir='ltr'><strong>canis</strong></span> <span class='ocrx_word' id='word_1_167' title='bbox 1896 3364 2036 3405; x_wconf 83' lang='lat' dir='ltr'><strong>acre</strong></span> <span class='ocrx_word' id='word_1_168' title='bbox 2078 3365 2383 3405; x_wconf 86' lang='lat' dir='ltr'><strong>venenum</strong></span> <span class='ocrx_word' id='word_1_169' title='bbox 2394 3367 2412 3420; x_wconf 83' lang='lat'>3</span> 
     </span>
     <span class='ocr_line' id='line_1_32' title="bbox 731 3428 2179 3503; baseline 0.004 -20"><span class='ocrx_word' id='word_1_170' title='bbox 731 3428 850 3483; x_wconf 63' lang='lat' dir='ltr'><strong>Hic</strong></span> <span class='ocrx_word' id='word_1_171' title='bbox 886 3428 1046 3483; x_wconf 69' lang='lat' dir='ltr'><strong>videt</strong></span> <span class='ocrx_word' id='word_1_172' title='bbox 1090 3429 1153 3485; x_wconf 77' lang='lat' dir='ltr'><strong>in</strong></span> <span class='ocrx_word' id='word_1_173' title='bbox 1203 3428 1415 3487; x_wconf 64' lang='lat' dir='ltr'><strong>mediis</strong></span> <span class='ocrx_word' id='word_1_174' title='bbox 1455 3439 1687 3503; x_wconf 62' lang='lat' dir='ltr'><strong>apectra</strong></span> <span class='ocrx_word' id='word_1_175' title='bbox 1735 3430 1947 3487; x_wconf 65' lang='lat' dir='ltr'><strong>canina</strong></span> <span class='ocrx_word' id='word_1_176' title='bbox 1987 3432 2179 3491; x_wconf 61' lang='lat' dir='ltr'><strong>radis.</strong></span> 
     </span>
    </p>

    <p class='ocr_par' dir='ltr' id='par_1_16' title="bbox 646 3515 2204 3675">
     <span class='ocr_line' id='line_1_33' title="bbox 646 3515 2204 3591; baseline 0.004 -22"><span class='ocrx_word' id='word_1_177' title='bbox 646 3515 882 3569; x_wconf 69' lang='lat' dir='ltr'><strong>Fnrfflffl</strong></span> <span class='ocrx_word' id='word_1_178' title='bbox 930 3523 986 3567; x_wconf 68' lang='lat' dir='ltr'><strong>et</strong></span> <span class='ocrx_word' id='word_1_179' title='bbox 1030 3515 1279 3591; x_wconf 68' lang='lat' dir='ltr'><strong>infr-ugit</strong></span> <span class='ocrx_word' id='word_1_180' title='bbox 1307 3515 1635 3591; x_wconf 70' lang='lat' dir='ltr'><strong>genuinum</strong></span> <span class='ocrx_word' id='word_1_181' title='bbox 1679 3519 1939 3591; x_wconf 56' lang='lat' dir='ltr'><strong>percitus}</strong></span> <span class='ocrx_word' id='word_1_182' title='bbox 1983 3519 2047 3575; x_wconf 81' lang='lat' dir='ltr'><strong>in</strong></span> <span class='ocrx_word' id='word_1_183' title='bbox 2085 3535 2204 3589; x_wconf 83' lang='lat' dir='ltr'><strong>mc,</strong></span> 
     </span>
     <span class='ocr_line' id='line_1_34' title="bbox 734 3595 2031 3675; baseline 0.007 -25"><span class='ocrx_word' id='word_1_184' title='bbox 734 3595 1026 3655; x_wconf 56' lang='lat' dir='ltr'><strong>Sensibus.</strong></span> <span class='ocrx_word' id='word_1_185' title='bbox 1074 3611 1135 3655; x_wconf 68' lang='lat' dir='ltr'><strong>nt</strong></span> <span class='ocrx_word' id='word_1_186' title='bbox 1171 3603 1316 3664; x_wconf 66' lang='lat' dir='ltr'><strong>tutia</strong></span> <span class='ocrx_word' id='word_1_187' title='bbox 1355 3619 1455 3665; x_wconf 62' lang='lat' dir='ltr'><strong>mu</strong></span> <span class='ocrx_word' id='word_1_188' title='bbox 1499 3603 1785 3675; x_wconf 59' lang='lat' dir='ltr'><strong>spoliavit</strong></span> <span class='ocrx_word' id='word_1_189' title='bbox 1827 3603 2031 3659; x_wconf 66' lang='lat' dir='ltr'><strong>Amul·-</strong></span> 
     </span>
    </p>

    <p class='ocr_par' dir='ltr' id='par_1_17' title="bbox 646 3679 2464 3762">
     <span class='ocr_line' id='line_1_35' title="bbox 646 3679 2464 3762; baseline 0.005 -25"><span class='ocrx_word' id='word_1_190' title='bbox 646 3679 806 3737; x_wconf 74' lang='lat' dir='ltr'><strong>Nam</strong></span> <span class='ocrx_word' id='word_1_191' title='bbox 846 3683 990 3739; x_wconf 74' lang='lat' dir='ltr'><strong>mihi</strong></span> <span class='ocrx_word' id='word_1_192' title='bbox 1034 3683 1203 3743; x_wconf 67' lang='lat' dir='ltr'><strong>salua</strong></span> <span class='ocrx_word' id='word_1_193' title='bbox 1235 3691 1381 3747; x_wconf 62' lang='lat' dir='ltr'><strong>tum</strong></span> <span class='ocrx_word' id='word_1_194' title='bbox 1421 3683 1691 3743; x_wconf 63' lang='lat' dir='ltr'><strong>referunt</strong></span> <span class='ocrx_word' id='word_1_195' title='bbox 1735 3687 1919 3747; x_wconf 73' lang='lat' dir='ltr'><strong>maris</strong></span> <span class='ocrx_word' id='word_1_196' title='bbox 1947 3705 2211 3762; x_wconf 70' lang='lat' dir='ltr'><strong>aequora</strong></span> <span class='ocrx_word' id='word_1_197' title='bbox 2234 3685 2464 3762; x_wconf 78' lang='lat' dir='ltr'><strong>vultus,</strong></span> 
     </span>
    </p>

    <p class='ocr_par' dir='ltr' id='par_1_18' title="bbox 730 3765 2152 3847">
     <span class='ocr_line' id='line_1_36' title="bbox 730 3765 2152 3847; baseline 0.006 -24"><span class='ocrx_word' id='word_1_198' title='bbox 730 3765 1090 3843; x_wconf 65' lang='lat' dir='ltr'><strong>Fluminaqu</strong></span> <span class='ocrx_word' id='word_1_199' title='bbox 1204 3833 1209 3835; x_wconf 55' lang='grc'><strong>,</strong></span> <span class='ocrx_word' id='word_1_200' title='bbox 1263 3765 1462 3838; x_wconf 65' lang='grc' dir='ltr'><strong>ρὼἱ</strong></span> <span class='ocrx_word' id='word_1_201' title='bbox 1483 3771 1703 3838; x_wconf 67' lang='lat' dir='ltr'><strong>nucula.</strong></span> <span class='ocrx_word' id='word_1_202' title='bbox 1743 3771 1919 3847; x_wconf 67' lang='lat' dir='ltr'><strong>plena</strong></span> <span class='ocrx_word' id='word_1_203' title='bbox 1967 3790 2152 3832; x_wconf 74' lang='lat' dir='ltr'><strong>mero.</strong></span> 
     </span>
    </p>
   </div>
  </div>
 </body>
</html>
