2884 4650
707 516 858 613 *ffl-

323 676 411 745 Ἐπ’
434 678 500 744 ἀντ’
524 680 662 749 ὀνείδους
683 679 714 744 τ’
737 681 848 764 ἀξίωμ’
873 680 1015 751 ἀναξίων.

329 760 395 827 Οὐκ
418 761 481 828 ἔστι
501 764 610 850 κέρδος
633 766 744 849 ζημίας
765 765 868 829 ἀλλων
894 764 977 849 ἀτερ.

326 844 462 931 Ἐνδεῖγ’
487 851 599 935 ἀσώτῳ
621 851 734 931 πολλὰ,
755 851 854 913 πάντα
874 850 998 935 κίμβικα

329 932 427 997 Φύσει
448 934 595 1019 διάδοχος
615 934 719 1003 πιστύς
742 935 832 1012 ἐστιν,
856 933 892 995 ού
915 941 1032 1019 γραφῇ.

327 1013 381 1127 Τρῖ
404 1017 484 1102 μέγα
502 1023 665 1164 φρονοῦντι
682 1021 779 1101 λησις,
799 1018 917 1086 αδικιας
939 1041 1021 1087 ακος.

328 1098 439 1165 Οικτου
462 1103 519 1188 βοη
544 1107 581 1165 ού
601 1102 733 1185 δεομένη
757 1103 836 1185 δίκη,
857 1104 948 1185 κακή.

328 1185 460 1255 Φύσεως
479 1187 642 1271 ἀποτρῖβον
665 1208 693 1247 τι
711 1188 885 1271 φάρμακον,
906 1186 1011 1250 κακύν.

328 1266 365 1332 Τ’
389 1270 557 1375 ἀλλοτρίων
579 1270 718 1353 σύνηθες,
740 1271 837 1352 ἡδονὴ
860 1272 949 1352 κακή.

326 1351 428 1417 Κακαῖ
476 1376 556 1421 υσεις
580 1354 637 1417 ούκ
659 1356 773 1422 ἐνδεεῖς
795 1355 993 1418 διδασκάλου.

327 1434 394 1502 Οὐκ
417 1378 521 1522 ὀρθὸν,
545 1438 563 1501 ὅ
583 1461 611 1500 τι
632 1440 668 1522 δὴ
689 1440 851 1521 πράττεται
867 1439 963 1501 πίστει
981 1438 1084 1524 τύχης.

327 1519 370 1585 Τδ
395 1547 413 1586 κ
433 1523 504 1590 άτος
524 1521 599 1584 ἰ’διον
622 1522 728 1586 ὄλλυσ’
750 1523 767 1584 ὁ
787 1523 987 1608 προστάσσων
1009 1529 1121 1594 κακῶς.

327 1602 388 1669 Τὸν
412 1545 513 1690 ύατρδν
535 1605 592 1668 οὐκ
612 1604 646 1669 εύ
671 1607 817 1691 διάδοχον
839 1608 855 1670 ύ
875 1612 974 1670 νοσῶν
994 1611 1116 1693 γράφει.

323 1686 362 1754 Ὁ
388 1692 430 1774 μὴ
455 1691 622 1774 δυνάμενος
644 1688 678 1753 εύ
700 1691 817 1768 θανεῖν,
836 1695 940 1759 κακῶς
961 1691 1032 1776 βιοῖ.

325 1772 393 1837 Ἀεὶ
413 1776 535 1859 βιώσειν
558 1776 750 1857 προσδοκῶν,
769 1782 872 1843 κακῶς
885 1775 956 1859 βιοῖ.

325 1855 431 1943 Χείρω
456 1858 546 1940 λύγον
571 1860 753 1945 βλάσφημον
776 1859 925 1943 ἑρμηνεὺς
944 1865 1036 1923 ποιεῖ.

326 1939 450 2007 Κακούν
473 1942 595 2007 θέλοντι
616 1943 771 2027 πρόφασις
794 1944 851 2006 οὐκ
870 1943 1052 2008 έλλεῖπεται.

326 2026 419 2091 Ποιεῖ
435 2028 588 2112 πονηρούς
608 2028 687 2113 ἦθος
707 2029 871 2111 ἀχάριστον
894 2028 991 2110 θαμά.

320 2111 414 2176 Ἧθει
435 2116 562 2197 πονηρῷ
582 2111 663 2179 σῖτύς
682 2112 745 2174 ἐστ’
772 2113 834 2174 ἰδία
856 2111 954 2196 φύσις.

324 2194 461 2281 Ἀνδρῶν
483 2201 622 2279 γυναῖκες
642 2198 809 2279 κρείττονες
829 2198 929 2281 βουλῇ
940 2202 1031 2280 κακῇ.

325 2278 450 2366 Βουλῆς
472 2286 568 2364 κακῆς
589 2287 633 2366 τῷ
652 2278 734 2344 δύντι
755 2283 910 2362 πάγκακον
933 2281 1031 2349 τέλος.
1145 2287 1146 2290 ’

320 2364 363 2431 Ἦ
386 2369 427 2451 μὴ
450 2371 600 2450 τραπῆναι
624 2365 777 2450 δυναμένη
803 2366 913 2453 βουλὴ,
931 2367 1020 2449 κακή.

324 2449 464 2514 Ἐσθλῶν
489 2451 651 2533 ὑποκριτὴς
672 2453 687 2515 ὁ
711 2450 805 2519 κακύς
825 2452 889 2513 ἐστι
909 2452 1076 2532 πάγκακος.

326 2535 432 2598 Αύτού
452 2535 483 2617 γ’
508 2535 592 2597 έκατι
613 2538 756 2619 χρηστὸς,
780 2535 928 2599 αύδάσθω
952 2534 1053 2601 κακύς.

328 2619 436 2704 Φόβου
453 2617 611 2702 παρόντος,
635 2621 728 2688 ύπνος
750 2620 806 2682 οὐκ
831 2619 897 2704 ἔχει
916 2621 1019 2682 τύπον.

325 2702 498 2767 Ἀπατῶαιν
521 2703 609 2786 ἧττον
634 2706 663 2765 οἱ
683 2703 805 2788 τάχιστ’
827 2704 1019 2786 ἀρνούμενοι.

328 2788 466 2856 Δούλους
488 2787 635 2856 δεδοικώς
656 2787 718 2850 ἐστι
741 2793 800 2851 τῶν
826 2787 945 2851 δούλων
968 2790 1061 2851 κάτω.

299 2870 362 2938 ,Ὁ
385 2874 517 2958 χρηστὸς
541 2873 597 2935 οὐκ
617 2870 675 2954 εἴη,
697 2872 817 2954 λέγοιτο
838 2870 870 2935 δ’
894 2871 929 2934 ἀν
953 2873 1070 2940 ἄθλιος.

320 2956 466 3040 Ἀζηλύς,
490 2957 567 3018 ἐστιν
589 2957 775 3039 ἀθλιωτάτη,
796 2956 885 3041 τύχη.

327 3043 438 3106 Λαλεῖν
459 3039 591 3104 θέλοντα
613 3041 643 3103 α’
667 3040 723 3102 οὐκ
748 3040 870 3125 ἐρῖσθαι,
895 3040 1044 3125 σχέτλιον.

327 3124 365 3190 Εἰ
385 3126 435 3189 καὶ
458 3126 551 3209 ἀηδὲς
571 3126 590 3208 ἡ
615 3125 712 3210 τριβὴ,
734 3128 820 3187 ποιεῖ
840 3125 965 3208 σοφούς.

326 3210 392 3295 Πρὸ
413 3215 467 3273 τοῦ
488 3210 595 3272 ποθεῖν
618 3210 667 3272 τὸν
687 3209 829 3285 θάνατον,
853 3209 955 3294 ὄλβιον
975 3209 1090 3274 θανεῖν.

328 3295 438 3359 Θανεῖν
460 3295 575 3378 ἀνάγκη
596 3298 696 3368 πᾶσιν,
722 3289 789 3355 οὐδ’
813 3294 884 3356 ὅταν
906 3294 1011 3375 θέλης.

327 3376 370 3442 Τὸ
388 3379 491 3442 θανεῖν
514 3378 680 3464 φοβεῖσθαι
701 3377 806 3462 χεῖρύν
830 3378 892 3440 ἐστι
915 3382 969 3440 τού
990 3376 1105 3442 θανεῖν.

327 3458 393 3525 Οδκ
413 3463 507 3547 ἤρεσε
527 3466 669 3526 πολλοῖσι
691 3462 871 3545 πολύγαμος
887 3463 972 3544 γυνή.
1034 3542 1038 3547 .

327 3543 456 3610 Νοούσα
476 3548 625 3631 μουνὰξὴ
650 3545 736 3630 γυνὴ,
757 3550 861 3614 κακῶς
884 3552 958 3608 νοεῖ.

327 3627 461 3700 Πολλοῖς
483 3631 613 3709 ἀπειλεῖ,
635 3631 714 3700 ὅστις
732 3630 857 3716 ἠδίκησ’
880 3630 944 3694 ένα.

324 3713 523 3802 Ὑβρισμένον
544 3717 579 3780 τδ
601 3715 715 3781 ἄκακον
737 3717 878 3782 ἀλλάττει
897 3714 998 3799 φύσιν.

330 3932 982 4470 (s)
