2884 4650
716 572 867 666 —32-2-

347 742 464 802 Tamen
487 742 602 801 timoris
625 749 655 798 et
676 741 751 798 milri
772 749 891 800 constet
912 742 1027 800 modus.

272 826 338 880 1085
348 827 416 886 Nec
437 835 494 900 est,
516 827 594 902 quod
616 826 668 884 ubi
688 827 760 900 quid
782 827 906 903 egerim,
929 834 963 884 ut
981 827 1055 885 mihi
1076 827 1116 886 sit
1134 828 1259 906 beue[,]

346 912 416 972 Non
440 921 470 970 et
491 912 657 989 rependam
678 912 834 984 tantidem,
855 921 887 968 ut
906 912 982 969 mihi
1004 914 1043 971 sit
1065 912 1156 972 male.

279 1049 281 1058 ,
316 1025 318 1028 ·
346 998 540 1058 Vicissitates
560 998 636 1056 haec
656 995 778 1056 habent.
800 997 860 1056 iste
880 1004 972 1054 antea

346 1085 440 1143 Fastu
460 1083 607 1141 tumebat:
631 1100 709 1138 nunc
732 1101 788 1159 ego
805 1082 902 1140 fastus
924 1101 1007 1159 gero.

347 1170 395 1227 lta
414 1168 555 1226 funerare
575 1167 655 1224 bunc
677 1186 771 1243 opere
790 1185 933 1235 maxumo
957 1173 1037 1239 veto,

275 1253 401 1312 losoNe
418 1261 447 1310 et
468 1253 547 1329 ipse,
569 1251 639 1309 dom
661 1253 753 1310 istum
771 1252 906 1325 funeras,
929 1252 1021 1310 funus
1044 1251 1123 1309 fuas.

348 1337 404 1398 Ch.
448 1335 598 1409 Menelae,
622 1355 660 1394 ne
678 1346 749 1412 post
770 1337 851 1395 dicta
868 1336 1023 1413 sapienter
1042 1343 1095 1394 tua

282 1445 294 1480 .’
347 1422 487 1480 Videaris
509 1423 578 1498 ipse
597 1421 765 1480 iniuriosus
787 1422 926 1480 mortuis.

348 1508 424 1564 Teu.
465 1505 519 1564 Nil
539 1507 658 1579 mirum,
681 1506 781 1579 amici,
804 1506 831 1565 si
853 1507 924 1580 quid
946 1525 1046 1564 errare
1067 1506 1212 1566 assolent

348 1591 499 1650 Homines
519 1609 574 1648 nec
596 1591 668 1650 ullis
687 1591 793 1649 incluti
814 1591 985 1649 natalibus:
1015 1660 1017 1663 Ι

273 1681 339 1736 1095
350 1675 601 1751 Quandoquidem
622 1684 651 1732 et
673 1684 774 1734 errant
793 1676 906 1734 talibus
927 1675 1028 1734 verbis
1051 1676 1109 1734 viri

347 1761 489 1838 Propage
511 1761 658 1834 celebres,
679 1768 769 1837 atque
794 1761 914 1820 nobiles
937 1761 1029 1818 domi.

347 1846 483 1904 Primum
504 1846 563 1904 hoc
585 1846 659 1904 mihi
679 1847 778 1921 inque.
801 1847 877 1904 dicis
899 1846 998 1905 isthuc
1018 1853 1048 1902 te
1071 1846 1172 1904 virum

349 1931 490 2004 Adduxe,
511 1931 634 1990 Achivis
655 1932 753 1990 socius
776 1950 925 1989 armorum
947 1939 981 1988 ut
999 1930 1101 1990 foret?

348 2016 422 2076 Non
443 2017 587 2094 ipseper
609 2035 643 2076 se
665 2017 758 2088 venit,
782 2016 910 2093 imperio
934 2016 1011 2074 suo?

273 2106 340 2159 1100
349 2102 437 2160 Tune
458 2103 622 2179 imperator
646 2102 710 2160 eius
731 2121 775 2173 es,
804 2102 855 2176 qui
875 2100 1026 2178 gentibus,

350 2188 468 2263 Quibus
487 2186 545 2244 fuit
566 2186 626 2244 dux
646 2185 710 2259 ille,
733 2186 833 2244 nullus
855 2186 998 2263 imperas.

347 2272 418 2332 Non
440 2280 546 2332 noster
568 2290 600 2331 es
622 2271 684 2329 dux
707 2272 785 2347 ipse,
808 2271 864 2330 sed
885 2269 1015 2348 Spartae
1034 2270 1181 2348 imperas.

347 2357 415 2416 Nec
433 2364 479 2416 est
502 2356 633 2432 quodid
658 2357 698 2415 sit
720 2358 895 2415 attributum
916 2358 963 2415 ius
983 2355 1049 2428 tibi,

347 2442 390 2501 Ut
408 2443 574 2520 imperares
596 2443 699 2517 potius
725 2442 764 2515 ei,
787 2462 877 2518 quam
900 2450 933 2498 ut
956 2442 983 2500 is
1005 2440 1060 2499 tibi

274 2524 524 2599 1‘1050bn0xius,
544 2547 602 2585 non
626 2528 792 2604 imperator
814 2527 947 2587 omnium

348 2611 479 2684 Venisti,
499 2620 531 2670 ut
549 2614 674 2671 Aiacem
691 2613 817 2687 obsequi
837 2612 894 2670 tibi
914 2610 1061 2689 postules.

350 2696 485 2771 Quorum
506 2697 574 2774 ipse
594 2717 650 2756 rex
670 2716 714 2770 es,
737 2698 795 2756 hos
816 2716 902 2775 rege:
927 2696 1055 2773 imperia
1073 2696 1106 2753 in
1128 2716 1182 2755 eos

348 2782 536 2858 Maguidicus
558 2782 660 2841 inhibe
681 2783 795 2859 gravia.
821 2802 877 2860 ego
897 2783 987 2854 hunc,
1009 2800 1063 2840 seu
1085 2789 1119 2839 tu
1140 2789 1244 2855 vetas,

351 2864 412 2925 Seu
433 2873 557 2942 praetor
577 2867 666 2940 alius,
685 2868 743 2925 rite
764 2868 886 2926 tandem
908 2875 938 2924 et
959 2866 1066 2925 ordine

273 2956 341 3010 1110
350 2950 487 3009 Condam
510 2951 669 3025 sepulchro
692 2952 736 3009 nil
752 2961 819 3012 tuas
843 2952 957 3010 veritus
980 2952 1088 3010 minas.

349 3034 422 3095 Non
443 3035 595 3093 foeminae
616 3044 687 3093 tuae
708 3056 781 3116 ergo
802 3039 829 3098 is
850 3038 908 3095 huc
933 3036 1085 3114 profectus
1108 3043 1167 3106 est,

347 3122 390 3182 Ut
411 3121 553 3200 gravibus
576 3128 733 3179 auctorata
754 3142 829 3201 gens
851 3123 1007 3201 periculis,

349 3205 410 3268 Sed
430 3197 472 3266 ob¹
492 3202 641 3265 sacratum
660 3206 720 3278 ius,
742 3208 885 3282 Iovisque
909 3209 1058 3287 sagmina,

348 3291 418 3351 Non
441 3293 477 3351 ob
500 3298 543 3349 te:
562 3297 644 3348 utet
667 3291 717 3364 qui
739 3293 827 3351 nihili
846 3294 954 3353 inanes
975 3293 1129 3370 penderet.

275 3376 472 3453 11158tipare
495 3377 534 3434 ad
553 3376 613 3434 ista
634 3368 772 3451 plurimis
794 3380 1009 3454 praeconibus,

348 3460 497 3522 Necnon
520 3461 595 3520 duce
616 3461 701 3538 ipso:
722 3469 754 3518 tu
775 3471 914 3540 strepens
937 3465 980 3522 nil
1003 3484 1052 3522 mc
1073 3480 1190 3521 moves.

282 3576 286 3615 ,ς
350 3545 411 3603 Per
431 3567 480 3605 me
499 3547 619 3621 quidem
637 3546 692 3605 tibi
716 3565 785 3607 esse
803 3567 881 3623 eum,
904 3550 955 3624 qui
977 3550 1033 3622 sis,
1054 3548 1135 3606 licet.

349 3630 430 3688 Men.
472 3632 682 3693 Periculosum
704 3640 752 3691 ast
769 3632 844 3690 talia
862 3634 893 3692 in
914 3634 1003 3693 malis
1025 3632 1115 3707 loqui.

351 3713 427 3775 Teu.
456 3764 459 3770 r
543 3776 545 3778 ,
612 3718 757 3798 ¹‹prema-is
775 3737 885 3793 aequa,
908 3721 1001 3778 verba
1019 3718 1172 3778 vellicant.

275 3810 343 3865 112⁰
350 3801 431 3861 Men.
662 3802 837 3879 plurimum
856 3804 1026 3865 arcitenens
1047 3802 1134 3863 solet.
