2884 4650
713 519 863 613 Q..-

374 688 560 759 Foemineis,
584 687 616 745 in
637 686 705 762 quis
728 695 776 747 eet
793 688 956 746 ,diuturnus
977 706 1071 747 amor.

333 776 435 853 Turpe
458 792 532 850 puer
555 772 723 831 catamitus.
747 773 784 831 In
807 774 866 832 hoe
887 772 961 830 mihi
984 773 1127 849 displicet
1149 775 1205 833 ilia

374 861 574 919 Praematura
594 858 721 917 horrens
744 858 848 916 invida
868 859 949 934 pube
970 859 1058 918 cutia.

335 1030 431 1107 ζ(85)
621 1022 710 1085 hana
737 1001 955 1104 μελισταγέων.

334 1114 451 1192 Tange,
475 1112 574 1184 Oalix,
595 1110 655 1168 mel
676 1110 755 1180 oris3
778 1111 883 1169 habea.
906 1111 1042 1188 Mnlgere
1066 1111 1148 1184 lieet,
1171 1132 1233 1171 nee

376 1198 495 1258 Invidia
517 1204 574 1257 eet.
596 1196 720 1255 Utinam
741 1203 774 1253 tu
794 1197 876 1270 qnod
896 1215 941 1269 ee,
963 1197 1030 1271 ipse
1050 1197 1167 1256 iorem!

336 1368 430 1444 toefi)
553 1358 674 1443 Ἱμερτὴ
699 1357 804 1443 Μαρίη
831 1361 1035 1443 μεγαλίζεται.

335 1454 362 1514 O
387 1449 546 1527 quamius
570 1467 665 1523 penes
691 1456 748 1522 est,
772 1458 802 1507 et
822 1468 894 1507 cura
915 1450 1075 1509 retundere
1093 1452 1206 1527 faetus,

376 1537 487 1597 Elatae
506 1533 621 1592 Mariae
644 1541 779 1609 pectora,
803 1535 884 1607 diva,
907 1553 1023 1610 preme:

334 1622 405 1682 Non
428 1626 461 1677 ut
481 1626 574 1678 morte
595 1618 659 1676 luat
680 1638 810 1693 poenas,
833 1620 889 1679 aed
911 1620 1021 1677 vertice
1044 1629 1107 1680 tete

379 1705 507 1777 Oeneae,
529 1711 559 1761 et
578 1722 684 1778 eorpus
710 1724 787 1782 ruga
812 1705 918 1764 senilis
940 1713 1014 1762 aret.

335 1791 457 1869 Exigite
481 1810 499 1849 o
524 1789 592 1847 cani
614 1788 805 1847 lacrimarum
826 1790 947 1847 nomine
968 1807 1101 1865 poenasz

376 1878 416 1936 Et
436 1875 555 1951 eulpam
569 1874 684 1950 ,culpae
708 1876 829 1935 conseia
849 1876 949 1934 forma
969 1875 1043 1933 luat.

337 2048 353 2115 ζ
363 2047 433 2124 (87)
584 2038 743 2122 harpiae,
765 2039 886 2102 ἐλεεινὰ
903 2042 1018 2108 λαλεῖς.

335 2133 428 2191 Flens
450 2130 597 2205 loqueris,
609 2128 761 2201 lacrimae,
773 2137 886 2186 temere
903 2128 1029 2205 aspicie,
1043 2129 1140 2187 ureris
1164 2136 1257 2189 aeetn

380 2216 543 2291 Zelotypo,
565 2216 716 2285 attrectas,
741 2213 848 2272 osenla
869 2213 976 2271 crebra
997 2214 1084 2272 serie.

336 2302 423 2364 Istud
444 2319 545 2359 amare
567 2300 688 2376 quidem
711 2306 772 2358 est:
794 2298 836 2372 id,
857 2318 906 2357 me
928 2298 1064 2373 dicente,
1081 2307 1191 2376 parata

380 2387 465 2459 sum,
485 2405 553 2444 enm
572 2385 762 2458 dissimulas,
785 2405 845 2444 non
863 2385 895 2442 id
913 2385 1044 2444 amantia
1068 2386 1174 2444 hahes.

341 2557 436 2633 coee)
632 2548 741 2630 Μῆλον
765 2551 827 2631 ἐγὼ
853 2553 970 2634 βάλλει.

336 2641 450 2701 Malum
476 2658 542 2717 ego,
562 2660 611 2698 me
631 2640 702 2696 iecit
720 2641 772 2715 qni
791 2647 822 2698 te
844 2641 933 2716 perit.
956 2659 1056 2698 annne
1077 2640 1195 2699 amanti

380 2725 568 2802 Xanthippe.
590 2733 729 2784 nostrum
751 2726 810 2785 floe
831 2725 986 2801 utriusque
1009 2725 1098 2802 perit.

340 2894 436 2971 ζ(89)
620 2885 680 2952 Τὸν
706 2896 837 2972 σιγῶντα
860 2890 993 2953 Φιλαινὶ.

337 2978 451 3040 Arcani
470 2984 571 3036 mutue
594 2978 681 3036 testie
704 2979 754 3036 fac
773 2980 876 3038 lumen
898 2979 978 3040 olivo

382 3064 429 3127 sit
450 3072 544 3134 eatur,
568 3071 598 3120 et
618 3064 718 3137 prodi,
738 3065 829 3122 ehara
850 3064 1000 3133 Philaeni,
1022 3064 1117 3122 foras.

338 3151 419 3212 Nam
439 3149 515 3210 'sese
533 3148 609 3206 vivis
632 3149 764 3224 spectari
784 3150 913 3209 testibus
934 3149 998 3209 odit

382 3237 474 3298 Solus
497 3235 599 3292 Amor.
622 3233 670 3292 Tu
691 3252 764 3314 moa
785 3234 874 3307 obde,
899 3233 1050 3307 Philaeni,
1073 3233 1182 3292 forem.

341 3406 436 3482 Meo)
620 3396 684 3468 Νὺξ
707 3399 786 3481 ἱερὴ,
806 3400 857 3463 καὶ
873 3400 977 3485 λύχνε.

338 3489 460 3566 Nempe
480 3490 570 3549 ambo
593 3488 709 3547 alterno
731 3487 898 3547 iuravimus
919 3488 1025 3547 ordine
1045 3495 1177 3566 pactam,

382 3574 486 3632 Testis
508 3575 570 3633 eris
587 3583 619 3632 tn
639 3572 720 3645 Nox,
743 3580 834 3648 tuque
856 3573 1005 3646 Lucerna,
1024 3573 1125 3630 fidem.

339 3657 382 3720 Ut
399 3659 497 3716 neutri
516 3667 653 3720 neutrum
675 3660 724 3718 fae
744 3665 827 3718 eeeet
848 3657 965 3730 fellere,
985 3658 1071 3718 vobis

384 3742 539 3815 Testibns,
562 3753 687 3821 accepta
707 3751 766 3817 eei,
787 3750 818 3802 et
837 3742 908 3801 date
927 3744 1067 3819 utrinque
1086 3742 1173 3802 fidee.
