2884 4650
572 551 723 644 Ε

191 710 249 771 Oui
272 715 400 790 gratiam
424 717 503 775 sacri
525 737 633 776 novam
654 720 861 780 redandruans

188 796 439 860 Neirondinosus
462 801 640 876 Esquilinus
663 805 790 878 Lucius,

188 883 286 940 Leoni
310 884 448 961 adempto
468 888 608 962 prandio,
627 889 787 964 implicans
807 891 901 963 rubis,

190 966 333 1046 Segetem
355 971 470 1029 vetabit
491 973 608 1032 eruisse
627 975 764 1035 funditus

188 1054 288 1112 Vasto
310 1055 420 1113 molari
443 1057 619 1133 muniisque
640 1060 827 1135 querqueris

190 1136 290 1197 Cerno
315 1158 475 1215 sequacem
495 1141 556 1198 iam
578 1163 725 1219 naporum
746 1145 880 1204 luctuum

188 1224 269 1282 Mari
289 1225 457 1283 trahentem
482 1235 513 1284 et
534 1237 745 1287 conserentem
767 1231 884 1307 patriae

188 1307 291 1368 Minas
314 1310 432 1369 feroces
457 1311 656 1372 etmalorum
677 1315 827 1373 incendia.

188 1395 290 1468 Atque
313 1394 427 1453 utinam
450 1396 481 1454 in
499 1397 570 1456 Issa
591 1406 621 1456 te
644 1397 790 1458 Camillus
809 1400 911 1459 insula

188 1477 264 1537 Non
287 1490 479 1554 procreasset
500 1483 630 1541 hostium
651 1492 790 1543 nostrum
814 1487 932 1558 ducem,

190 1564 338 1639 Quartum
363 1573 462 1623 satum
484 1585 523 1624 ex
544 1567 669 1628 Atlante
692 1570 812 1628 destina
835 1571 913 1643 cori,

188 1649 267 1707 Tuis
290 1657 450 1726 parantem
473 1652 584 1710 damna
605 1655 742 1732 cognatis
759 1655 879 1732 Prylin‚

190 1732 294 1811 Sagax
318 1753 452 1811 aruspex
475 1757 546 1795 vere
567 1739 605 1795 ad
627 1739 732 1797 omnia
753 1742 884 1817 optima:

186 1819 340 1895 Paterqus
354 1819 451 1881 iussis
473 1823 586 1881 Aesaci
607 1824 735 1881 fanatici

187 1903 263 1963 Non
287 1905 491 1980 improbasset
513 1907 601 1984 signa
622 1909 720 1966 noctis
745 1909 859 1980 arcula,

189 1988 332 2049 Celasset
353 2009 413 2048 uno
435 1992 490 2050 sed
509 1992 585 2050 duos
604 2013 661 2068 pro
683 1994 782 2068 patria

187 2075 278 2147 Fato,
301 2093 446 2150 perurens
468 2078 604 2136 membra
623 2078 751 2135 Lemnio
772 2096 859 2155 rogo.

188 2158 264 2218 Non
288 2167 333 2219 tot
354 2161 504 2219 malorum
526 2181 606 2222 nunc
626 2163 763 2238 procella
785 2170 930 2240 surgeret.

186 2246 371 2306 Portumnus
398 2265 435 2304 en
459 2255 562 2305 cernet
581 2248 761 2306 nefrendum
783 2248 918 2306 carnifex

186 2332 320 2391 Ferreus
343 2334 454 2409 mergis
479 2332 685 2410 spartisirpeis
709 2353 800 2393 anum

189 2416 301 2476 Glauci
321 2418 446 2475 Terenti
468 2419 623 2495 coniugem
645 2419 806 2477 Titaniam.

187 2503 255 2560 Iam
275 2501 334 2561 duo
357 2511 504 2576 necantur
527 2522 593 2579 cum
615 2513 742 2581 parente
763 2506 915 2581 pignera‚'

189 2588 342 2647 Homeros
365 2587 470 2645 molari
492 2588 615 2647 coclaca
638 2590 735 2647 fracto
759 2590 869 2647 Ducis:

188 2672 275 2745 Quae
297 2673 452 2731 sabulonis
475 2682 620 2748 apparata
640 2675 781 2751 fugerant

188 2758 286 2816 Vanis
308 2757 436 2833 loquelis
459 2750 539 2816 alrei
562 2758 748 2830 discrimina,

188 2841 248 2901 Cui
269 2850 377 2900 cuncta
399 2843 525 2901 credens
550 2843 603 2901 ille
626 2851 721 2902 tortor
742 2844 881 2915 liberum,

188 2928 362 3004 Mergorum
387 2928 538 3000 alumnus,
566 2928 756 3005 pisculentae
777 2927 928 3003 compedis

187 3013 319 3084 Praeda,
343 3013 453 3072 ostreis
470 3012 627 3089 valgisque
646 3012 763 3072 Neritis
786 3031 900 3085 comes,

188 3098 283 3157 Fetus
306 3098 454 3175 gemellos
472 3092 564 3157 clusit
584 3118 645 3157 uno
668 3098 813 3175 ploxeno.

190 3182 326 3257 Cumque
346 3184 393 3241 his
418 3183 513 3241 miser
533 3202 595 3241 non
616 3184 720 3243 matris
743 3185 903 3243 advertens
924 3180 998 3239 deae

188 3268 358 3343 Praecepta
378 3270 535 3340 Mnemon,
561 3269 617 3327 sed
640 3278 764 3328 veterno
788 3268 929 3338 obiicias,

190 3352 316 3429 Suppns
338 3355 501 3426 recumbet,
525 3362 631 3430 pectus
656 3374 730 3414 ense
753 3354 884 3413 saucius.

189 3437 281 3497 Nunc
302 3457 382 3496 nunc
400 3440 494 3516 gemit
511 3439 645 3515 Myrina,v
666 3458 747 3498 nunc
766 3435 977 3515 praesentiunt

189 3523 352 3581 Hiunitum
376 3542 517 3600 equorum
540 3524 686 3583 litterales
707 3524 876 3600 margines‚·

189 3608 253 3667 Ubi
274 3608 438 3685 Pelasgum
459 3609 593 3667 lubricae
608 3610 722 3668 saltum
744 3608 840 3683 pedae

189 3692 323 3752 Librans
343 3694 495 3769 crepidine
517 3693 623 3751 ultima
643 3694 777 3751 fremens
797 3692 888 3767 lupus

190 3778 299 3839 Fontis
321 3779 436 3837 creabit
458 3798 475 3836 e
498 3778 624 3837 saburra
642 3777 803 3855 gurgitem,

857 3886 897 3949 22
