2884 4650
550 528 701 621 ffl—

163 698 292 773 Opacus
316 706 421 755 omnes
445 694 584 755 Tellumo
602 698 773 771 venabitur,

163 781 275 841 Multis
295 780 392 839 ruinis
415 782 541 840 obrutos
564 800 602 838 ex
623 782 753 841 mortuis

161 867 237 927 Uno
261 865 368 924 relicto
391 866 501 925 nuncio
525 866 689 939 sodalibus,
713 896 717 903 =

161 950 415 1029 Delphinisigue,
436 946 502 1009 fure
524 950 659 1010 Punicae
684 952 770 1011 deae.

164 1037 228 1113 Qui
249 1044 337 1095 vasta
357 1035 423 1094 ravi
444 1035 561 1094 coclitis
585 1036 717 1114 magalia

163 1121 300 1194 Videbit,
324 1122 423 1179 aheno
442 1120 577 1180 maximo
599 1122 704 1198 calpar
726 1122 801 1179 meri

162 1208 262 1265 Manu
282 1208 459 1283 propinans,
482 1206 623 1281 poculum
644 1206 818 1265 hellarium:

161 1291 302 1363 Videbit,
325 1300 355 1349 et
377 1309 453 1365 quae
474 1291 603 1365 liquerat
626 1292 774 1349 cadauera

162 1378 355 1435 Praestanus
377 1380 572 1435 Auerruncus
599 1396 749 1434 armorum
770 1377 886 1451 cluens,

164 1462 230 1538 Qui
254 1469 336 1519 rutro
361 1461 477 1520 adunco
499 1462 694 1521 runcinantes
716 1462 828 1534 omnia,
912 1492 915 1499 ·

165 1546 304 1606 Nectent
325 1546 451 1603 foratam
474 1554 555 1605 reste
578 1547 718 1622 praedam
742 1547 896 1624 mugilum.

164 1637 270 1706 Atque
293 1630 370 1690 alius
388 1631 479 1689 alium
500 1650 609 1691 saevus
632 1632 764 1708 excipiet
783 1632 869 1691 labor

163 1718 292 1777 Labore
315 1734 433 1791 semper
451 1716 581 1793 pristino
603 1717 746 1776 ferocior.

165 1803 257 1878 Quae
280 1820 338 1859 non
361 1799 530 1877 Charybdis
554 1810 736 1861 mortuorum
758 1801 940 1877 explebitur,

166 1889 259 1963 Quae
282 1906 341 1943 non
364 1886 509 1961 Erinnys,
534 1886 695 1963 semivirgo
718 1887 827 1959 bestia,

165 1971 255 2046 Quae
277 1990 340 2030 non
362 1970 506 2041 Camena,
529 1971 666 2029 carnifex
692 1971 911 2045 bimembrium,

164 2056 291 2118 Aetolis
310 2062 362 2113 aut
380 2054 512 2129 Curetis,
533 2064 616 2114 artus
637 2055 748 2130 liquier

166 2142 317 2217 Suadebit
335 2160 410 2199 aura
428 2140 596 2199 flexanima
615 2140 808 2214 immemores
832 2141 907 2199 cibi:

163 2226 227 2286 Vel
250 2244 339 2302 quam
362 2227 493 2283 ferarum
515 2246 574 2283 non
599 2226 716 2284 febrem
739 2226 915 2299 intuebitur,

167 2317 271 2373 Atrox
291 2331 440 2371 venenum
464 2312 545 2370 farre
567 2311 745 2372 miscentem
768 2319 930 2385 excetram,
1015 2314 1017 2317 ’

165 2399 336 2472 Fatumque
354 2397 587 2455 monstriforme.
611 2398 665 2456 sed
688 2398 852 2456 miserrimi

169 2483 290 2544 Sortem
307 2491 461 2560 gementes
484 2491 573 2556 atque
593 2482 733 2557 palantes
755 2482 839 2559 paris

167 2567 312 2628 Miscella
332 2586 453 2644 semper
475 2587 542 2625 cum
565 2568 691 2644 polenta
713 2567 859 2635 floccium,

165 2655 279 2729 Acina,
299 2652 457 2727 fracesque
475 2653 682 2711 devorabunt:
705 2660 755 2710 ast
776 2671 845 2710 eum

165 2731 276 2798 Herba
299 2746 387 2812 atquc
410 2739 518 2797 Manus
542 2738 707 2796 vindicabit
729 2737 837 2796 obvius

165 2823 371 2883 Nonacriates
394 2823 524 2882 Viuulus
547 2822 674 2899 Trioeps
697 2821 785 2895 deus,

165 2910 210 2968 Et
232 2916 416 2968 mortuorum
434 2927 530 2985 regua
551 2907 715 2967 descendet
738 2925 822 2979 cava,

142 2997 146 3009 '
165 2997 270 3067 Atque
291 2993 420 3052 inferum
442 2992 559 3070 rogabit
577 2993 712 3068 apricum
734 3011 888 3070 augurem,

168 3079 279 3140 Ooitus
303 3079 434 3138 virorum
454 3087 484 3135 et
504 3078 681 3136 feminarum
706 3078 872 3149 conscium,

166 3164 294 3225 Umbris
314 3164 410 3221 hianti
432 3163 610 3240 sanguinem
633 3163 781 3240 obsipans
803 3163 888 3223 solo:

165 3248 322 3322 Ensisque
344 3257 413 3306 trux
433 3249 596 3320 munimen,
617 3248 724 3308 inferis
745 3256 868 3319 metum,

165 3334 319 3406 Vibrans,
338 3342 517 3394 trementum
539 3353 671 3392 murmur
691 3334 865 3391 umbrarum
887 3329 990 3390 audiet

167 3418 294 3479 Gracile
315 3418 428 3477 caduca
446 3419 618 3479 succrotilla
638 3418 753 3490 fabula,

167 3508 269 3578 Atque
290 3503 361 3561 hinc
381 3502 542 3582 Gigantum
566 3523 642 3579 quae
663 3504 793 3562 lacertos
813 3499 916 3558 insula

168 3588 340 3666 Confregit,
365 3597 395 3647 et
416 3589 571 3667 Typhonis
593 3597 676 3648 artus
700 3585 869 3662 querqueri.

168 3674 289 3734 Adusta
308 3674 466 3750 flam[m]is
487 3692 554 3732 cum
573 3692 656 3732 mera
679 3670 810 3747 excipiet
827 3677 907 3728 rate:

168 3759 242 3838 Qua
263 3777 319 3818 rex
337 3759 461 3818 deornm
483 3759 609 3818 informe
632 3758 786 3816 clunarum
807 3772 904 3833 genus
