2884 4650
696 520 847 616 Α

316 689 462 751 Fabullus
483 690 592 767 amplis
612 689 781 749 latifundiis
801 690 927 767 Lycum,

317 774 459 835 Numinis
479 775 639 834 Fabullum
659 776 834 834 foenerator
853 775 999 847 Bracara,

317 862 358 920 ltt
375 860 465 934 hunc,
488 869 518 918 et
535 860 620 920 illum
643 861 824 937 pisculentis
844 868 993 937 provocat
1080 915 1083 920 ,

318 944 441 1024 Stagnis
459 946 588 1006 Alauda.
612 943 765 1018 Quantum
786 945 881 1004 habes
905 946 1004 1004 omnis
1027 946 1113 1021 cupit·

317 1031 452 1104 Habere,
474 1032 530 1090 sed
552 1038 586 1090 tu
604 1050 665 1088 non
688 1031 783 1090 habes
807 1037 951 1108 quantum
971 1029 1066 1107 cupis.

318 1201 369 1261 32.
414 1200 513 1275 Caput
531 1199 676 1263 tenebris¹
689 1207 848 1258 exerentes
868 1199 984 1272 literas,

318 1285 402 1360 Quas
427 1287 517 1362 longa
539 1285 617 1344 curis
641 1284 751 1344 excolit
772 1285 887 1344 sensim
909 1284 985 1356 dies,

317 1372 456 1448 Repente
475 1370 558 1428 dirus
579 1370 685 1431 Martis
710 1377 740 1427 et
763 1368 949 1446 Sophistices

317 1456 448 1533 Fugabit
469 1464 572 1514 aestus
594 1475 657 1514 non
679 1473 855 1514 reversuras
882 1453 992 1513 statim.

318 1541 415 1600 Morbi
431 1540 598 1617 ingruentis
619 1549 666 1600 est
687 1539 806 1598 medela
827 1539 961 1616 segnior,
1036 1567 1039 1576 v

319 1623 416 1698 Quam
437 1625 569 1684 morbus.
590 1645 664 1684 aevo
686 1625 794 1683 crescit
817 1624 935 1684 occulto
955 1643 1082 1682 nemus:

317 1709 447 1783 Puncto,
471 1711 608 1784 sequacis
628 1710 707 1787 ignis
730 1711 833 1768 afflatu
853 1709 941 1786 perit.

318 1794 433 1874 Vigore
450 1795 532 1852 lento
553 1803 656 1854 nostra
678 1803 816 1853 crescunt
837 1812 982 1871 corpora:

318 1877 427 1940 Statim
448 1880 616 1938 labascunt.
637 1880 740 1938 Tarda
760 1880 901 1938 virtutum
922 1879 1064 1955 augmina

319 1964 386 2024 Cito
408 1966 629 2043 opprimuntur,
653 1985 712 2023 non
734 1966 919 2023 reviviscunt
941 1964 1009 2021 cito.

319 2135 369 2195 33.
414 2133 473 2208 Qui
494 2133 726 2216 Grammatistas
749 2132 856 2210 spiritu
876 2133 975 2190 difflas
995 2141 1058 2205 tuo,

318 2220 358 2278 Itt
380 2237 568 2278 summovere
590 2219 725 2286 fascibus
746 2218 868 2296 linguae
888 2218 970 2278 soles

319 2302 449 2365 Criticos
470 2304 597 2365 clientes
618 2300 775 2362 literarum
796 2303 954 2363 inertium:

319 2388 381 2449 Cur
403 2391 558 2469 dignitatis
579 2389 754 2465 ordinisque
775 2389 931 2467 negligens

319 2474 390 2548 Tui,
410 2470 533 2535 libellos
555 2474 838 2535 Grammatistarum
861 2474 949 2552 legis,

319 2557 455 2636 Sophiae
475 2561 618 2634 medulla,
639 2561 732 2620 docta
750 2559 886 2619 Naturae
908 2560 1025 2631 schola,

319 2642 401 2703 vulti
420 2645 557 2705 Platonis
579 2647 723 2705 educatus
746 2646 776 2704 in
800 2644 889 2704 sinui

318 2730 400 2807 Ergo
418 2730 526 2803 libelli,
543 2750 620 2806 quos
643 2732 727 2804 teris,
751 2740 781 2788 te
799 2730 909 2801 iudice,

320 2812 398 2875 Sunt
418 2814 542 2889 aliquid,
565 2835 584 2873 a
602 2824 633 2874 te
654 2836 745 2891 quum
764 2817 912 2893 legantur,
936 2822 965 2871 et
987 2812 1084 2889 magis

319 2898 365 2957 Te
388 2900 558 2972 confitente,
581 2919 670 2975 quam
691 2901 821 2974 volente,
843 2908 914 2960 sunt
938 2895 1019 2957 bo'ni.

318 2983 594 3061 Doctrina-magua
612 2994 669 3058 est,
690 3004 768 3060 quae
788 2986 888 3062 placet
907 2983 1089 3042 nolentibus.
1172 3048 1177 3055 p

319 3153 370 3212 3⁴.
413 3151 697 3229 Philologomastix,
714 3162 745 3211 et
764 3152 908 3231 Sophiste
925 3154 1083 3225 barbarus,

320 3236 383 3299 Sed
397 3239 457 3298 iste
480 3236 583 3310 nullis,
602 3238 655 3297 ille
675 3240 781 3315 paucis
800 3240 909 3312 literis,

319 3321 536 3393 Hiaveritatis
558 3341 640 3396 osor,
662 3324 716 3381 ille
739 3324 827 3402 iurgii

320 3404 474 3484 Captatur,
493 3410 525 3468 in
547 3428 602 3467 nos
625 3409 687 3467 tela
706 3408 889 3487 distringunt
909 3427 975 3481 sua,

318 3492 358 3549 ltt
378 3501 486 3552 nostra
504 3494 592 3555 dictis
615 3495 728 3572 scripta
750 3494 925 3570 discerpunt
945 3492 1044 3552 malis.

320 3574 383 3637 Sed
403 3596 457 3635 nos
476 3579 633 3640 lacessunt
650 3580 800 3658 plumbeis
823 3578 1025 3638 mucronibus.

319 3658 474 3738 Sophiste,
496 3672 527 3722 et
548 3666 587 3738 is,
607 3685 698 3741 quem
717 3665 908 3742 praenotavi,
930 3671 1001 3723 sunt
1021 3662 1081 3720 duo

318 3746 392 3805 Pari
413 3746 526 3821 furore,
546 3749 662 3828 dispari
682 3750 773 3829 genio
797 3768 898 3809 canes.
