2884 4650
605 516 665 577 403

180 687 297 759 Rebus,
319 686 466 745 velivolas
491 658 659 747 observans
684 684 814 745 candida
833 676 965 763 puppes}

180 774 280 849 Atque
301 772 360 831 tuis
382 772 504 849 largire,
525 772 671 847 Favonio,
695 772 790 830 flabra
808 770 985 832 ministris..
1084 825 1087 831 ,

410 942 561 1001 Portamai
581 943 719 1017 suffimen,
741 960 857 1000 mana.
1051 942 1091 1003 74

177 1026 240 1101 Qui
264 1027 374 1087 suxisti
394 1044 454 1085 una
475 1047 542 1085 cum
565 1026 679 1086 Bruma
700 1028 780 1085 laete
801 1019 965 1104 novellum,

181 1112 302 1188 Quique
322 1113 394 1172 eolis
413 1110 545 1188 liquidos
571 1121 601 1171 et
621 1121 745 1172 ovantes
766 1113 885 1190 turbine
907 1109 1038 1191 campos,

182 1198 210 1258 O
232 1196 399 1256 Portumne
422 1198 561 1256 lubenter
581 1199 620 1255 ad
641 1198 716 1256 haec
738 1205 768 1255 te
792 1198 854 1257 liba
873 1192 1033 1270 vocamus}

178 1284 294 1342 Fronte
316 1280 504 1341 renidentem
529 1290 559 1341 et
576 1284 686 1342 ridenti
703 1283 818 1341 lumine
841 1283 924 1357 volti,

178 1366 419 1443 Servantemque
440 1374 510 1427 tuos
530 1376 669 1443 terraque
691 1369 827 1444 marique
849 1369 1016 1429 ministros.

179 1452 321 1529 Namque
342 1453 427 1533 vagis
446 1453 561 1512 ratibus
584 1455 639 1512 sub
662 1461 842 1529 tempestate
863 1473 979 1513 sonora

176 1536 297 1614 Sospes
318 1538 404 1611 ades,
426 1546 456 1596 et
472 1547 503 1596 te
524 1539 640 1615 cupidis
663 1539 842 1598 mortalibus
864 1539 956 1599 offers

178 1628 330 1682 Avertens
354 1642 461 1683 saevas
482 1624 543 1683 iras
567 1644 622 1701 per
643 1624 764 1682 caerula
783 1624 879 1701 ponti.

333 1792 477 1851 Diearam
504 1792 691 1851 Camenarum
713 1794 854 1867 suffimen,
877 1802 931 1851 tas.
1052 1793 1092 1852 75
1122 1792 1126 1802 ’

178 1877 492 1952 Μαωωιιτίαθ,αῐᾳιιε
511 1877 595 1935 Iovis
617 1877 745 1953 streperi
766 1885 916 1955 prognata
926 1896 1093 1959 propaget,

178 1963 320 2021 Illustres
344 1960 539 2036 celebresque
559 1960 815 2037 Novensidesque
838 1960 1006 2021 Camenae:

178 2050 221 2107 Et
244 2047 371 2125 quoivis,
394 2065 601 2123 quemcunque
622 2048 734 2106 fovetis
756 2047 886 2105 amabile
910 2046 1037 2125 volgus,

178 2126 295 2192 Artitas
315 2152 421 2192 omnes
444 2133 571 2191 virtutes
594 2140 847 2211 progenerantes,

178 2217 322 2277 Nutrices
343 2218 447 2290 animi,
465 2218 597 2276 directae
616 2218 726 2276 mentis
747 2218 890 2290 amussis,

177 2306 280 2379 Atque
301 2303 464 2382 magistrae
489 2303 582 2362 animi
605 2303 793 2363 moderantes
815 2310 899 2362 recta
918 2293 1062 2382 guberna.

179 2391 329 2466 Quaeque
350 2389 444 2448 sacris
465 2389 605 2448 homines
623 2390 753 2448 imbutos
774 2389 966 2448 instituistis:

177 2475 289 2546 Flora,
307 2472 462 2548 Cluacina,
486 2482 516 2532 et
535 2474 648 2547 vitula,
673 2482 702 2532 et
726 2473 878 2534 Casmena
899 2475 1016 2553 virago,

179 2559 355 2635 anliaque,
375 2567 404 2618 et
417 2559 562 2635 Tripuda,
579 2568 608 2618 et
620 2557 793 2634 Carmenta,
807 2567 837 2617 et
852 2558 922 2618 diva
930 2561 1092 2620 Venustus.

172 2645 308 2716 oscine,
332 2645 504 2718 flexanima,
527 2652 556 2703 et
578 2653 674 2703 mater·
693 2645 880 2720 Maiestaque
898 2646 1050 2723 princeps.

178 2732 262 2807 Ergo
283 2729 370 2812 Deae
392 2732 450 2788 huc
475 2749 531 2808 age
554 2729 748 2806 praestitibus
778 2737 897 2789 ventate
918 2731 1067 2804 faventes,

178 2816 348 2875 Vobiscum
368 2815 459 2875 decus
484 2815 678 2893 omnipotens
701 2823 731 2873 et
751 2816 891 2874 adoream
913 2824 1048 2895 agentes.

369 2987 464 3045 Dicae
485 2987 678 3046 Mammariaa
695 2988 836 3062 suffimen,
860 2997 913 3045 tua·
1050 2985 1091 3044 76

177 3074 390 3132 Mammuriam
414 3072 502 3131 elicio
521 3072 605 3131 Iovis
628 3066 838 3148 omnipotenti'
859 3069 1007 3143 maritam,
1159 3146 1162 3157 1

179 3158 326 3234 Quaeque
347 3159 414 3234 pias
441 3165 487 3216 est
510 3157 782 3234 du[l]ciloquasque
807 3157 897 3215 enixa
919 3153 1079 3226 Camenas,

90 3309 93 3314 ,
177 3243 343 3318 Pestifera,
364 3251 484 3302 versata
506 3242 637 3321 caducae
657 3244 769 3303 oblivia
788 3241 910 3312 mentis,

177 3328 368 3388 Continuans
390 3336 506 3386 mentes
530 3328 694 3386 animarum
714 3328 838 3387 foedere
858 3342 957 3396 sacro,

178 3413 318 3492 Reginae
340 3413 514 3490 omniparae
532 3413 659 3472 rationis
681 3413 789 3484 amica,
808 3411 914 3468 fovens
935 3408 1007 3481 vim,

177 3499 328 3576 Pervigil,
350 3499 507 3575 irrequies,
530 3505 734 3558 memoranter
756 3502 863 3554 cuneta
883 3493 1090 3568 ministrans,

179 3579 318 3657 Quorum
339 3584 465 3659 quisque
487 3583 577 3643 simul
595 3585 628 3642 in
650 3591 773 3661 pectore
794 3579 926 3639 ruminat
944 3586 1049 3654 artem,
1137 3583 1140 3591 '

177 3667 249 3728 Nec
266 3669 338 3746 quid
359 3669 546 3746 praeteriens
566 3669 713 3748 instigans
736 3666 852 3726 lumina
874 3664 994 3724 mentis.

177 3753 382 3816 Praestitibua
402 3773 552 3814 memores
573 3762 690 3814 mentes
713 3753 754 3813 da
773 3751 824 3811 dia
840 3751 975 3811 Moneta

831 3849 898 3910 26⁴
