2884 4650
571 568 721 663 -s-s-s—

189 738 285 797 Adsis
301 736 374 810 Dia,
394 738 546 797 hominum
565 739 708 817 frangens
730 737 858 795 audacia
876 738 967 812 tacu,

189 822 233 883 Ut
252 840 373 899 semper
394 822 506 881 iustam
525 842 623 899 aequa
643 824 745 881 ferant
765 822 895 900 vestigia
915 823 1019 895 ritem,

191 906 335 968 Omnium
357 908 408 982 qui
428 916 526 967 terrae
545 916 707 967 vescuntur
728 927 852 966 munere
873 908 989 984 opimo,

188 995 289 1067 Atque
301 991 488 1051 animantum
500 994 603 1066 aliam,
626 1012 765 1070 quaeque
782 993 888 1051 edueat
899 993 1102 1067 omnipareoti

187 1077 281 1136 Alma
301 1078 370 1136 sinn
391 1077 494 1151 tellus,
514 1086 544 1137 et
564 1098 641 1153 quae
660 1079 752 1138 maris
774 1097 943 1154 aequoreus
968 1078 1036 1138 Dis.

528 1245 618 1323 Lapis
636 1258 760 1305 semea.
1058 1249 1099 1308 63

189 1330 390 1408 Goeligennm
401 1338 491 1405 atque
504 1331 657 1389 hominum
671 1333 792 1409 genium
805 1340 835 1390 te
846 1331 928 1390 Diva
939 1351 1016 1392 voco
1023 1332 1099 1405 Lex,
1118 1328 1122 1338 ’

189 1414 372 1488 Goelestem,
395 1415 568 1488 astrifioem,
589 1436 689 1477 rerum
712 1436 871 1476 commune
895 1416 1067 1496 sigillum3·

189 1500 310 1572 Temai,
334 1500 477 1575 aequorei
498 1497 576 1574 sali',
598 1510 784 1578 naturaeque
806 1510 966 1561 statumen.
1102 1512 1105 1515 ’

189 1584 325 1645 Consors
348 1594 378 1641 et
399 1591 540 1643 constans
564 1605 691 1645 servans
715 1590 794 1645 bene
812 1588 931 1665 legibus
952 1597 1066 1665 aptum,

189 1668 265 1743 Quis
287 1670 369 1728 tuis
391 1688 573 1746 componens
594 1672 672 1729 coeli
691 1672 877 1731 immortalia
896 1673 972 1744 iura,

186 1755 228 1814 Et
251 1750 343 1829 quati'
366 1754 532 1813 sublestsm
552 1756 697 1815 invidiam
720 1754 870 1835 vortigini'
891 1758 966 1816 ritu:

188 1839 250 1915 Qui
274 1840 353 1897 bona
374 1838 426 1897 das
446 1840 526 1897 vitae
545 1837 716 1899 mortalibu’
738 1843 841 1900 munia
860 1842 954 1900 obire.

189 1924 267 1985 Sola
283 1924 393 1982 etenim
415 1924 570 1982 moderare
586 1926 774 1983 animantum
795 1935 904 1984 ennete
923 1927 1070 2004 guberna,

188 2008 335 2069 Consiliis
357 2028 483 2067 cernens
505 2010 775 2069 observantissima
795 2011 901 2069 rectis:

188 2093 298 2167 Casca,
319 2101 456 2169 experta,
478 2112 577 2153 eomes
600 2096 688 2154 iustis
709 2094 834 2154 innoxia
855 2114 985 2173 semper,

186 2179 383 2254 Iniustosque
401 2178 587 2239 labefaciens
608 2177 776 2259 ingentibu'
798 2182 895 2239 noxis.

188 2262 251 2326 Sed
273 2263 447 2322 veneranda
459 2264 641 2341 opulentifer
656 2267 788 2324 omnium
805 2284 932 2324 amoena
944 2265 1095 2342 voluptas,

185 2351 251 2409 Fae
268 2350 311 2407 tui
332 2369 386 2408 nos
405 2369 565 2424 memores,
589 2352 731 2429 aspirans
757 2372 868 2412 nomen
888 2352 1025 2410 amioum.

453 2520 597 2579 Mavortis
618 2523 759 2597 suffimen,
778 2532 833 2581 tus.
1058 2520 1098 2580 64

186 2601 778 2683 Magnanime,impavide,invicteatque
792 2608 958 2684 asperrime
967 2608 1098 2678 Mavors,

188 2689 350 2762 Indomite,
373 2689 569 2765 armipotens,
586 2691 749 2767 parricida,
770 2692 971 2770 impetimure,

188 2775 363 2850 Marspiter,
382 2794 401 2832 o
424 2776 639 2850 ereperiorepe,
660 2778 734 2835 tabo
757 2786 788 2835 et
806 2778 953 2856 sanguine
967 2777 1097 2849 stillans,

189 2857 354 2936 Sanguinis
379 2859 502 2917 humani
523 2860 630 2920 sitiens
645 2861 822 2940 bellierepo,
840 2871 938 2935 torve,

187 2945 334 3015 Ensibus,
357 2951 445 3019 atque
467 2946 630 3004 inamoena
648 2947 753 3006 solens
775 2949 941 3006 certamina
963 2949 1063 3007 runis:

189 3028 272 3090 Siste
294 3027 436 3101 duellum,
460 3037 490 3088 et
512 3030 663 3090 cordolios
687 3033 844 3107 requiesce
862 3033 1017 3104 tumultus,

188 3114 284 3189 Inque
306 3113 481 3173 Venustatis
501 3115 598 3188 divae,
621 3124 651 3174 et
674 3117 779 3176 Brumi
802 3119 864 3177 otia
885 3119 945 3191 dia,

187 3199 230 3258 Et
250 3217 359 3258 munus
381 3197 507 3258 Cereale
528 3200 622 3258 duelli
643 3203 745 3261 confer
766 3224 913 3274 amorem3

190 3282 317 3360 Semper
333 3303 439 3360 paoem
459 3291 578 3361 optans,
603 3288 713 3346 vietum
738 3297 768 3347 et
788 3309 821 3347 re
842 3308 916 3365 eope
935 3289 1094 3365 vigentem.

393 3454 512 3514 Volsoni
530 3457 669 3531 suffimen,
688 3460 903 3516 libaaomonoa.
1055 3457 1094 3515 65

187 3537 321 3595 Volcano
344 3539 547 3615 omnipotens,
568 3542 746 3613 fortissime,
773 3542 952 3615 flammaque
971 3559 1094 3620 perpes,

189 3620 298 3699 Ignitis
322 3624 434 3683 florens
454 3627 546 3698 auris,
568 3623 704 3686 Lucetiu’
727 3627 807 3699 dius,

186 3706 345 3780 Lucerias,
366 3709 493 3783 Viriate,
516 3710 601 3771 Nero
623 3720 757 3783 aeterne,
783 3711 1011 3788 astipotensque

186 3789 369 3867 Ferrifaber,
389 3814 556 3872 purumque
574 3797 766 3870 elementum,
786 3796 887 3874 portio
907 3798 1022 3871 mundi,
