2884 4650
643 544 704 603 379

218 709 487 785 Vastimanuaque,
508 710 631 783 invicte,
654 720 744 787 aptus
764 711 817 788 pal
835 713 930 771 muria
950 715 1064 789 opimo,

218 794 380 868 Volturno,
400 802 505 855 auctor
527 792 678 872 temperi',
701 797 895 874 sempiterne,
917 798 1059 876 benigne,

218 880 354 961 Indiete,
367 881 511 958 agrestis,
537 882 615 939 bene
638 881 744 955 votite,
768 881 975 958 induperator,

217 966 447 1043 Magnanimum
454 965 716 1039 oorhabens,fera
724 968 869 1038 membra,
877 966 1014 1025 salutifer
1026 987 1132 1046 augur:

219 1050 400 1123 Omnivore,
420 1051 628 1127 omniparens,
654 1061 831 1127 praestana,
853 1060 940 1128 pater
962 1052 1090 1113 Tutane.

219 1135 282 1211 Qui
303 1135 424 1195 Titulus
447 1132 528 1207 elui',
552 1136 707 1196 debellans
727 1138 863 1196 ineieora
883 1146 1032 1197 monstrat

221 1219 350 1297 Semper
371 1239 465 1280 ovans
488 1222 573 1297 pacis
598 1222 717 1295 studiis,
742 1223 867 1281 nutricis
890 1223 1041 1283 honorae:

217 1304 301 1364 Nate
323 1313 376 1364 tuo
400 1306 535 1382 ingenio,
557 1305 664 1365 Terrui
683 1308 798 1366 invicta
817 1327 980 1384 propagas,

217 1391 338 1468 Ignibu'
360 1390 536 1468 primigenis
553 1392 674 1465 floreus,
697 1414 714 1451 o
737 1394 786 1452 die
806 1393 926 1451 cluenti.

218 1477 364 1534 Matutam
386 1475 476 1552 capiti
496 1484 632 1552 gestans,
654 1486 835 1553 noctemque
855 1497 1047 1555 erepuseum:

219 1556 282 1621 Sex
302 1561 349 1619 bis
372 1561 411 1617 ad
431 1580 570 1619 oceasum
593 1563 758 1623 absolvens
780 1565 946 1624 certamina
966 1565 1004 1621 ab
1028 1571 1110 1622 ortu:

216 1646 288 1705 Diis
308 1654 443 1721 experte,
467 1654 497 1703 et
516 1647 684 1723 inexperte,
706 1650 889 1709 inconcusse
910 1649 1055 1719 lacertam

216 1730 323 1803 Adsis,
346 1731 513 1789 morborum
536 1751 702 1791 averrunea
725 1735 860 1811 piamina
883 1742 1026 1810 portans:

216 1817 259 1874 Et
275 1823 418 1892 portenta
439 1835 539 1888 move,
567 1819 704 1891 quatiens
730 1838 818 1878 saera
839 1820 948 1877 februa
969 1819 1088 1880 dextrae

215 1902 263 1961 Et.
276 1901 357 1959 mala
374 1901 570 1977 praepetibus
591 1903 712 1977 protelo
726 1906 887 1962 obseoena
909 1904 1039 1981 sagittis.

459 2068 582 2129 Saturae?
600 2072 742 2145 suffimen,
760 2081 888 2129 eturuoa.
1094 2074 1130 2133 12

218 2152 417 2231 Coeligennm
436 2154 597 2227 Divorum,
620 2156 837 2230 hominumque
856 2156 984 2215 illustris
1003 2158 1096 2234 origo,

216 2238 393 2311 Multivore,
417 2248 446 2297 et
468 2238 623 2313 Lustrali',
643 2240 740 2314 Nero,
761 2239 888 2313 Nerion,
909 2242 1033 2301 Titane:

217 2324 280 2401 Qui
302 2333 410 2382 cuneta
432 2327 579 2396 absumis,
602 2328 711 2402 quique
734 2328 837 2385 omnia
853 2328 975 2404 perficis
997 2329 1088 2401 idem,

215 2409 334 2468 Vinalia
356 2410 532 2488 indupedita
555 2431 610 2488 per
631 2413 711 2471 orbis
732 2420 821 2471 vasta
841 2413 967 2472 silenta:

217 2493 349 2555 Saturne
365 2497 432 2553 aevi
453 2497 639 2573 progenitor,
660 2496 790 2557 Saturne
811 2498 927 2567 dolose,

216 2580 325 2638 Terrai
347 2580 464 2656 proles,
484 2589 515 2639 et
536 2582 615 2641 coeli
636 2583 865 2660 signitenentis:

216 2664 329 2742 Stirps,
352 2684 460 2741 genus,
479 2667 638 2740 obstetrix,
659 2668 770 2726 Titane
791 2669 963 2739 endostrne,
983 2667 1062 2743 Opis
1074 2668 1130 2742 vir,

215 2749 276 2823 Qui
298 2751 441 2827 genitalis
462 2751 527 2810 obis
550 2771 604 2827 per
624 2753 729 2828 mundi
751 2752 871 2829 singula
890 2753 1037 2826 membra,

216 2833 364 2907 Calvitor,
384 2844 525 2896 versute:
545 2837 653 2895 favens
677 2838 827 2896 orantibu'
848 2838 938 2910 votis,

215 2921 436 2996 Aequanimum
454 2922 534 2980 vitae
556 2923 647 2980 linem
670 2923 847 2982 mortalibus
869 2923 964 2981 adfer.

416 3088 524 3148 Latiae
543 3089 614 3166 Opia
633 3093 774 3168 suffimen,
787 3103 937 3152 ,armauta
1091 3091 1128 3152 l3
1152 3137 1157 3144 .

215 3174 282 3249 Ops
304 3174 487 3246 veneranda,
507 3193 602 3251 genus
626 3177 787 3236 Vortumni
804 3178 1001 3254 Primigenai,

215 3258 363 3334 Quaeque
384 3260 481 3336 agitas
503 3260 594 3318 etiam
615 3263 770 3322 volventia
786 3264 920 3339 plaustra
941 3261 1106 3320 Trionumr

214 3343 504 3420 Tempaniverberu,
527 3347 629 3420 uerita,
655 3355 745 3423 atque
763 3348 921 3423 aeriorepa
941 3346 1036 3422 virgo,

212 3430 311 3486 Mater
332 3448 443 3506 magna
463 3431 559 3502 Iovis,
579 3432 678 3506 Latia,
702 3434 768 3508 Ops
791 3426 940 3502 eoelesti’,
959 3429 1079 3505 palude,

212 3513 333 3586 Poloua,
355 3522 384 3572 et
403 3515 560 3588 honorata,
584 3527 615 3576 et
636 3516 760 3580 Saturni
779 3525 909 3593 augusta
929 3515 1049 3586 marita,
1142 3571 1147 3575 .

212 3599 359 3658 Montibu'
377 3618 453 3674 quae
472 3603 599 3677 gaudes,
618 3604 833 3675 bominumque
846 3596 1004 3659 ululatibu’
1021 3600 1126 3671 meris,

214 3684 282 3760 Ops
304 3685 444 3757 Maiesta,
466 3704 577 3761 parens
600 3688 778 3762 bellierepa,
798 3685 896 3745 Nerio
917 3686 990 3759 Dia,
1107 3749 1110 3753 ,

214 3765 407 3846 Sospitaque
419 3777 449 3830 et
470 3771 611 3845 mendax,
633 3773 851 3846 Picumnaque,
871 3771 985 3832 Libera
998 3779 1110 3834 mater:
