2884 4650
565 531 714 628 —131—
737 565 741 574 .

177 694 374 780 Δημοβόροι.
399 696 471 762 Διδς
495 694 677 781 ἐγκέφαλος.
708 695 809 762 Πλέον
832 697 925 780 ήμιου
947 697 1070 770 παντός.

177 779 340 847 Διοπετές.
363 776 406 842 Τδ
429 778 486 864 γὰρ
508 777 543 842 εῦ
566 781 634 863 μέτ’
654 782 743 866 ἐμοῦ.
769 780 1051 865 Περιαυτολογῆσαι

177 866 235 934 Δίς
253 865 308 927 καὶ
328 864 391 947 τρὶς
410 866 445 928 τὸ
469 865 575 929 καλδν.
590 862 723 950 Ῥεχθὲν
748 864 783 930 δέ
803 887 836 928 τε
859 867 965 948 νήπιος
985 866 1074 952 ἔηνω.

177 950 234 1034 Δὶς
255 949 380 1096 κράμήρη
406 948 551 1017 θάνατος.
572 947 677 1014 Κόκκο
700 951 804 1034 ψωλοὶ
823 950 976 1017 πεδίονδε.

178 1037 318 1101 Διπλοῦν
372 1033 469 1096 οίππα.
493 1030 536 1098 Τδ
557 1031 728 1098 Βοιώτειον
750 1033 789 1117 μό
834 1058 867 1104 ος
890 1035 997 1098 ἀείδει.

178 1115 378 1201 Δουλότερος
399 1122 452 1200 τῆς
468 1116 643 1203 Μεσσήνης.
666 1058 854 1182 Εῦνασαίξν
878 1118 977 1204 ὅλμῳ.

177 1202 322 1285 Δοόρεος
338 1201 438 1270 ἵππος.
457 1202 544 1268 Ἀνω
567 1199 807 1286 ποταμῶν.’Τδν
828 1201 946 1266 ἔνοικον
967 1202 1092 1288 ἔπηλυς.

178 1288 340 1369 Δωδώνης
378 1289 509 1350 αλκεῖον.
531 1285 608 1350 Ἀπ’
629 1287 742 1356 οὔατος
762 1286 891 1370 ἄγγελος
911 1286 1008 1352 ἔλθοι.

179 1374 313 1438 Δώσων.
365 1371 554 1450 λουθυηίεια.
576 1369 618 1436 Τδ
640 1372 837 1457 κωλακρέτου
857 1373 939 1455 γάλα
957 1374 1063 1436 πίνειν.

177 1454 221 1522 Εί
241 1455 432 1538 Φρυνώνδας
455 1455 559 1523 ἄλλος.
575 1455 762 1539 Ὕπηνέμιον
786 1456 887 1520 τέτοκ’
912 1455 985 1520 ώόν.

178 1538 271 1606 Εἶδεν
293 1543 355 1622 πῦρ
376 1539 472 1624 ἀφῦη.
516 1540 700 1604 Σπεόδουσα
722 1541 804 1604 κῦων
829 1540 930 1625 τυφλὰ
950 1543 1051 1605 τίκτει.

178 1624 336 1708 Εἰδεχθής
357 1621 528 1707 Κορυθεῦς.
549 1623 691 1706 Πόλεμος
711 1626 745 1688 δὲ
768 1623 891 1688 Κόνωνι
916 1628 1071 1711 μελήσει.Δ

178 1708 260 1792 Είκή
281 1715 326 1792 τῷ
338 1706 498 1791 Ἡρακλεῖ.
515 1709 657 1792 Ἀερηοῖς
679 1711 744 1778 αἰὲν
767 1710 870 1794 ἑορτή.

178 1792 293 1876 Είματ’
317 1793 406 1876 άνήρ.
438 1789 504 1856 Οὐκ
522 1794 554 1856 ἐν
577 1793 707 1878 πολέμῳ
733 1794 777 1861 δὶς
799 1792 911 1858 ἔνεστιν
933 1795 1090 1879 ἁμαρτεῖν.

178 1877 251 1959 Εἰμὶ
272 1876 362 1944 πόλις
382 1875 509 1961 Πιτάνη.
530 1880 670 1961 Δελφῖνα
692 1879 818 1940 δίδασκε
837 1879 1006 1962 κολυμβᾷν.

178 1960 232 2029 Εἰς
254 1960 325 2024 δέον
350 1961 507 2043 ἀνήλωσα.
533 1961 634 2042 Θόραν
660 1961 709 2023 ἐπὶ
734 1965 845 2026 σαυτδν
868 1963 1005 2032 ἀνοίξεις.

178 2045 232 2114 Ek
251 2047 358 2108 πεδίον
381 2049 431 2110 τὸν
452 2047 564 2110 Λυδδν.
583 2045 822 2131 Ἀχρειόγελως.
851 2045 874 2109 Γ
877 2046 1067 2130 λυκόπικρος.

178 2129 231 2199 Εἰς
248 2133 304 2213 τἠν
323 2129 450 2214 γαστέρ’
474 2132 670 2196 ἐνάλλεσθαι.
697 2130 803 2213 Στόμα
822 2132 1089 2217 δωδεκάκρουνον.

177 2213 231 2283 Είς
256 2216 372 2297 φάτνας
392 2216 533 2300 ἀρχαίας.
548 2215 733 2301 Ἂρτεμιςὴ
758 2214 901 2299 Παναηαί
921 2262 929 2278 .

175 2298 230 2365 Ἐκ
250 2301 394 2383 καλάμης
411 2304 535 2382 γνῶναι.
554 2299 617 2365 Καὶ
639 2300 782 2386 βαίτυλον
806 2299 841 2365 ἂν
863 2300 1048 2368 καταπίνοις.

128 2423 132 2430 ·
174 2384 229 2449 Ἐκ
250 2385 343 2467 μυίας
365 2383 530 2468 ἐλέφαντα.
551 2384 646 2470 Μάχη
671 2384 747 2468 μετὰ
770 2386 822 2468 τὴν
846 2384 1051 2469 Μαραθῶνος.

174 2468 360 2555 Ἐμβοίλλειν
383 2471 504 2553 ψαλίον.
525 2466 573 2554 Τή
592 2471 684 2552 πείρᾳ
701 2470 801 2533 πάντα
823 2472 964 2533 τελεῖται.

174 2553 334 2640 Ἔμβαρος
356 2555 428 2636 εἰμί.
449 2552 528 2617 Βίου
551 2554 705 2637 σπιθαμὴν
727 2556 803 2636 πρὸς
826 2554 939 2637 ἄνηθον
964 2555 1088 2619 ἀείδων.

175 2636 371 2723 Ἐμπροσθεν
389 2642 531 2721 κρήμνοι,
553 2639 659 2703 ὄπιθεν
684 2638 782 2702 λόκοι.
806 2636 923 2723 Ὃλμος
944 2640 1088 2723 ἄτολμος.

175 2720 225 2787 Ἐν
248 2724 396 2806 μακάρων
418 2724 522 2806 νήσοις
546 2725 669 2807 διάγων.
693 2722 853 2807 Αῦξοίνομ’
878 2724 1011 2789 ἀκούων.

175 2806 226 2872 Ἐν
248 2806 348 2891 μέλιτι
375 2809 486 2871 σαυτδν
508 2809 718 2876 καταπάττεις.
733 2806 844 2891 Γραῦς
865 2809 996 2893 ἀναθυᾷ.

175 2890 226 2957 Ἐν
249 2892 413 2976 πορθμείῳ
436 2890 519 2976 ἔχων
542 2893 644 2976 ἕτερον
664 2891 757 2955 πόδα.
788 2888 1046 2978 Τυμβοηέροντες.

176 2974 226 3041 Ἐν
250 2976 367 3059 σταδίῳ
387 2977 512 3061 δολιχὸν
532 2981 639 3060 ζητεῖς.
663 2974 821 3060 Αίλουρον
840 2977 973 3063 Ἀθηνᾷ.

175 3058 226 3125 Ἐν
244 3059 361 3145 τριόδῳ
382 3061 504 3144 ἕστηκα.
526 3059 640 3125 Βαλὼν
666 3060 725 3125 οἴει
747 3061 925 3145 φεύξεσθαι.

176 3143 368 3228 Ἐνδόσιμον.
388 3143 513 3228 Θνητῦιν
535 3147 564 3209 δ’
588 3145 653 3209 ἔστ’
679 3145 783 3231 ὄλβιος
805 3148 848 3216 είς
866 3146 955 3215 τέλος
976 3144 1085 3208 οὐδεί.

175 3227 314 3313 Ἐργίνου
338 3230 454 3292 πολιαὶ.
479 3229 713 3314 Φειδωλότερος
728 3229 937 3315 Πατροκλῆος.

176 3311 309 3381 Ἐσθλδς
326 3316 378 3376 καὶ
395 3314 489 3383 κακός
512 3315 601 3378 ἐστιν.
625 3312 696 3378 Ἐπὶ
719 3315 811 3400 Ευροῦ
837 3315 954 3377 ίσταται
977 3312 1085 3394 ἀκμῆς.

178 3394 260 3482 Εῦρε
281 3398 356 3465 θεδς
375 3401 427 3462 τδν
444 3400 577 3483 ἀλιτρδν.
594 3398 709 3481 Ἄκρον
727 3400 816 3483 λαβὲ,
827 3398 877 3461 καὶ
889 3394 982 3477 μέσον
999 3396 1085 3467 ἕξεις.

179 3478 275 3566 Εῦρεν
297 3484 313 3546 ό
336 3480 387 3545 Πα
407 3484 507 3566 νοίτης
527 3482 650 3568 ὀβολόν.
675 3481 790 3547 Κάκιον
812 3480 916 3565 Βάβυς
939 3480 1038 3545 αὐλεῖ.

178 3562 364 3651 Εὐρυβάται.
386 3506 564 3651 Πέρκωπες.
584 3567 654 3633 Ἀεὶ
675 3568 815 3647 πολέμου
834 3563 908 3629 κενὰ
927 3568 1038 3631 πολλά.

178 3645 350 3736 Εὐρυκλῆς.
373 3651 520 3715 Πεινῶντι
540 3656 627 3737 λογῳ
648 3653 699 3716 καὶ
722 3655 800 3713 σῦκα
819 3652 1016 3721 πλακοῦντες.

179 3728 348 3819 Εὔρυμνος.
371 3734 542 3821 Μοχθηρδς
562 3738 638 3820 ὑπὲρ
660 3738 710 3801 τδν
736 3733 907 3894 ῦπέρβῳλρν
931 3735 1002 3799 ἐστί.
