2884 4650
1201 516 1313 577 121

338 683 472 746 Sed
517 681 854 743 obsolescit
896 685 1180 743 comitate
1226 686 1568 745 auctoritas.

338 769 583 829 Horum
619 769 873 827 duorum
916 780 1157 828 constet
1193 779 1260 828 ut
1297 771 1466 830 salus
1512 772 1642 842 tibi,

337 854 487 914 Hoc
524 862 935 930 temperamen
983 864 1078 913 e‘st
1122 857 1470 927 tenendum,
1520 865 1585 913 ut
1627 874 1704 912 ne
1755 854 1906 912 velis

337 939 547 998 Nimis
587 957 839 998 severus
888 957 1049 1012 esse,
1098 959 1209 999 nec
1256 942 1447 1001 comis
1486 941 1686 999 nimis.

338 1025 411 1082 Id
462 1024 817 1102 dignitatem
860 1033 975 1098 est,
1017 1024 1130 1082 hoc
1174 1045 1442 1084 amorem
1481 1026 1757 1103 perdere.

343 1193 446 1252 46.
533 1195 591 1252 A
637 1192 827 1250 Plebe
868 1193 1078 1265 amari,
1117 1213 1242 1253 non
1283 1195 1485 1252 timeri
1530 1193 1667 1252 Rex
1713 1194 1905 1253 stude.

342 1278 563 1336 Timor
604 1277 893 1354 magister
931 1277 1196 1337 infidelis
1238 1279 1512 1354 obsequii
1558 1287 1671 1352 est,

344 1363 425 1421 Et
469 1363 740 1422 caritatis
782 1363 1151 1420 imbecillum
1195 1364 1502 1422 vinculum

345 1448 556 1506 Timor
592 1449 879 1506 facessat.
924 1447 1227 1523 Principis
1270 1467 1475 1507 mores
1522 1447 1663 1506 boni

343 1532 625 1592 Possunt
665 1532 824 1590 idem
868 1541 1206 1609 praestare,
1252 1535 1415 1608 quod
1459 1533 1549 1591 vis
1592 1532 1845 1608 imperii.

345 1617 602 1676 Multum
646 1618 1026 1694 imperando,
1062 1619 1201 1694 plus
1243 1619 1504 1677 amando
1549 1617 1685 1675 Rex
1720 1625 1944 1695 potest.

350 1779 447 1844 4⁸7.
534 1786 829 1845 Fortasse
873 1787 1036 1845 cives
1075 1786 1251 1863 peius
1296 1805 1493 1864 angue
1523 1786 1871 1863 Principem

352 1870 578 1930 Odisse
614 1870 878 1947 possint,
921 1871 975 1930 is
1016 1871 1160 1929 licet
1199 1890 1318 1928 non
1367 1871 1581 1930 oderit.

348 1958 429 2014 At
461 1956 598 2032 ipse
638 1957 829 2014 amari
873 1974 996 2015 non
1040 1964 1263 2031 potest,
1310 1957 1365 2014 si
1398 1976 1518 2014 non
1561 1963 1741 2013 amat.

350 2127 447 2184 48.
535 2124 836 2203 Princeps
882 2125 1174 2183 colendus
1218 2125 1514 2184 hactenus
1563 2126 1662 2198 sit,
1708 2134 2004 2201 quatenus

349 2211 491 2269 Tibi
529 2210 715 2268 licere
752 2220 812 2268 et
857 2211 1143 2286 expedire
1185 2211 1307 2276 scis
1351 2211 1427 2268 ei.

351 2295 555 2356 Homo
600 2296 903 2355 secundus
957 2315 993 2353 a
1035 2295 1196 2369 Deo,
1236 2294 1550 2372 acceptum
1594 2295 1796 2355 ferens

350 2381 506 2455 Deo,
546 2382 712 2456 quod
752 2382 889 2458 ipse
934 2390 1049 2453 est,
1094 2382 1275 2441 unico
1313 2383 1520 2441 minor
1554 2382 1713 2440 Deo.

354 2551 454 2610 49.
543 2551 725 2610 Bona
766 2551 1045 2609 instituta
1084 2571 1209 2609 non
1252 2552 1398 2610 boni
1448 2552 1552 2610 odi
1590 2550 1914 2626 Principia,

349 2635 492 2695 Non
539 2636 705 2712 quod
743 2637 902 2694 bona
946 2644 1101 2709 acta,
1155 2636 1267 2695 sed
1311 2638 1469 2711 quod
1509 2644 1714 2694 auctor
1756 2635 2053 2712 displicet.

350 2721 688 2779 Laudanda
731 2720 934 2799 Reges
980 2740 1168 2797 saepe
1211 2722 1488 2780 fecerunt
1530 2722 1694 2780 mali.

351 2807 632 2865 Laudare
679 2806 913 2884 Regem
952 2826 1077 2864 non
1121 2815 1295 2883 potes
1340 2808 1458 2866 nisi
1491 2809 1738 2865 bonum.

354 2977 451 3036 50.
537 2975 861 3052 Principes
887 2976 1129 3035 tributis
1152 2986 1332 3051 atque
1355 2978 1761 3036 functionibus
1806 2976 2108 3052 [Princeps
2121 2973 2174 3048 ἓ]

354 3062 551 3141 Regni
592 3069 815 3120 tuetur·
839 3060 1116 3137 publicas
1158 3080 1305 3138 opes
1351 3064 1469 3135 sui,

352 3148 592 3206 Bellum
632 3146 1036 3219 administrat,
1077 3148 1349 3206 hosticas
1387 3148 1614 3225 frangit
1655 3148 1870 3205 minas.

353 3232 629 3311 Vectigal
671 3250 869 3304 omne,
916 3239 977 3289 et
1017 3231 1305 3310 quidquid
1341 3232 1616 3305 infertur,
1663 3233 1887 3291 bonum
1932 3236 2026 3285 est

356 3315 685 3377 Commune
729 3317 1000 3386 cunctis3
1048 3317 1302 3394 singulis
1346 3318 1586 3376 iniuria.

356 3486 455 3545 51.
545 3486 777 3545 Terrae
821 3495 1111 3563 tyrannus
1154 3485 1564 3564 septimaniae
1609 3484 1828 3543 arduas

353 3571 587 3630 Evertit
631 3571 815 3630 aedes
856 3572 1193 3630 incolarum
1238 3571 1493 3631 Circius.

357 3653 479 3717 Sed
523 3665 817 3716 aestuosa
858 3657 1168 3733 pestilenti
1214 3658 1433 3718 sideris

356 3740 522 3801 Idem
576 3741 806 3801 salubri
856 3742 1079 3801 damna
1122 3743 1323 3800 differt
1356 3740 1605 3817 spiritu:
