2884 4650
776 552 819 616 80

722 641 871 654 --,.......

339 725 489 784 Virtutum
511 726 617 798 series,
640 725 765 785 virtutes
789 725 921 784 vindicat
941 743 1056 785 omnes.

339 808 392 871 Sic
413 829 491 886 quae
510 818 581 869 sunt
602 811 682 868 curis
705 811 831 870 aliorum
853 817 925 870 nata
947 809 1086 870 levandis

339 895 413 955 Otia
433 897 600 969 Musarum,
621 895 754 954 lacrimis
775 903 845 955 sunt
865 893 979 972 pabula
1000 897 1124 956 nostris.

338 980 379 1039 Et
399 999 477 1055 quae
498 991 568 1040 sunt
589 981 705 1040 cunctis
726 981 914 1039 medicamen
938 980 1009 1037 lene
1028 980 1168 1041 laborum

338 1065 504 1137 Literulae,
528 1066 614 1124 nobis
631 1066 768 1123 coeuntia
788 1074 920 1140 tempore
941 1065 1035 1141 longo
1124 1071 1146 1080 ”

339 1151 474 1209 Vulnera
494 1150 680 1222 rescindunt,
701 1151 803 1208 animo
823 1152 896 1226 quia
918 1168 997 1207 vana
1019 1151 1203 1228 ministrant,

340 1234 450 1309 Qualia
470 1234 595 1292 fallaces
614 1235 798 1293 frustrantur
817 1236 927 1312 gaudia
950 1236 1051 1293 somni

339 1320 442 1379 Instar
463 1327 631 1392 ventorum,
653 1320 830 1394 levibusque
850 1319 1005 1378 simillima
1024 1320 1132 1380 fumis:
1161 1334 1164 1342 '

339 1405 392 1477 Ut,
414 1404 532 1479 quoties
554 1405 628 1461 mihi
646 1405 726 1462 lecta
739 1405 840 1477 refert,
857 1424 956 1482 neque
976 1412 1109 1480 praestat
1124 1409 1254 1467 amicum

339 1489 467 1566 Pagina,
493 1488 626 1547 detester
645 1491 736 1548 toties
760 1509 828 1552 mea
846 1491 970 1547 numina
992 1491 1108 1549 Musas.

339 1573 415 1631 Inde
434 1574 478 1645 fit,
500 1582 543 1645 ut,
567 1574 693 1648 siquae
715 1577 858 1633 manabat
879 1575 990 1652 largior
1014 1575 1086 1634 olim

340 1656 469 1718 Castalii
488 1659 587 1717 laticis
608 1668 712 1718 nostro
735 1660 772 1716 de
794 1670 916 1736 pectore
938 1679 1028 1732 vena,

339 1743 509 1820 Pauperior
530 1745 612 1815 fluat,
634 1753 664 1802 et
678 1762 843 1820 suppresso
866 1736 951 1803 fonte
972 1745 1104 1803 resistat.

340 1828 428 1888 Unde
448 1829 539 1906 igitur
562 1849 679 1901 versus,
703 1839 734 1887 et
754 1838 843 1906 rapto
865 1848 986 1887 carmen
1009 1828 1105 1886 amico

341 1912 507 1986 Sufficiam,
530 1916 578 1974 oui
596 1933 652 1973 nec
671 1915 815 1974 Phoebus
837 1913 1013 1990 respondet,
1037 1921 1070 1970 ut
1088 1921 1171 1988 ante,

339 1999 406 2058 Nec
426 2008 512 2059 vetus
534 2001 650 2075 aspirat
669 2008 846 2078 vegetantes
868 1999 999 2076 impetus
1023 2017 1125 2072 auras,

339 2085 537 2159 Parnassum,
562 2094 592 2142 et
611 2104 729 2143 sacram
750 2085 855 2144 solitas
876 2084 1035 2160 impellere
1058 2081 1219 2143 Cirrham?

290 2218 296 2232 .
340 2169 430 2242 Quod
452 2171 525 2227 mihi
546 2170 573 2228 si
596 2170 680 2228 nullo
702 2170 888 2245 squallerent
906 2176 1030 2246 pectora
1043 2169 1136 2242 luctu,

340 2255 379 2314 Et
399 2275 456 2333 par
477 2255 631 2333 ingenium
651 2255 770 2333 magnis
794 2255 953 2314 conatibus
974 2262 1069 2328 esset,

341 2338 482 2417 Supremi
504 2340 598 2399 officii
617 2350 806 2418 praestarem
827 2342 895 2398 iura
917 2338 1025 2399 sodali.
1355 2332 1356 2363 ³

342 2424 403 2486 Sed
423 2426 497 2503 vigil
520 2426 559 2483 ad
578 2444 677 2500 curas,
701 2426 834 2501 solisque
856 2426 983 2483 adsueta
1003 2422 1135 2501 querelis

340 2509 411 2568 Non
433 2510 516 2568 venit
535 2512 573 2569 ad
593 2520 696 2588 partes
717 2512 805 2571 toties
826 2510 898 2569 rnihi
919 2510 1008 2567 Musa
1031 2509 1132 2581 citata,

340 2594 402 2653 Pro
423 2598 522 2654 verbis
546 2598 676 2657 fundens
697 2598 849 2669 lacrimas,
868 2616 924 2673 pro
947 2594 1078 2651 carmine
1100 2602 1236 2668 questus.

341 2679 391 2739 Ne
412 2689 514 2738 tamen
535 2693 586 2739 aut
608 2684 718 2759 pietas,
742 2691 803 2755 aut,
827 2681 911 2739 cuius
932 2687 1038 2737 saneta
1060 2688 1212 2756 potestas,

342 2764 501 2824 Claudicet
516 2766 609 2824 officii
628 2787 699 2843 pars
721 2767 785 2825 nlla
807 2765 975 2825 novissima
994 2765 1101 2835 nobis3
1355 2834 1356 2849 ἵ

341 2850 410 2909 Huc
434 2849 507 2907 ades
531 2852 665 2908 adiutrix
687 2853 786 2915 nostri
806 2852 912 2929 regina
933 2849 1062 2921 laboris,

341 2936 381 2994 Et
401 2933 485 3005 mihi,
508 2935 713 3011 Melpomene,
734 2937 867 3012 potiores
887 2935 1030 3013 praecipe
1055 2931 1181 3007 Cantus,

341 3019 478 3079 Fletibus
498 3018 664 3078 immodicis
688 3028 824 3079 statuens
852 3023 919 3095 quis
941 3021 1086 3078 terminus
1107 3020 1227 3077 haeret:

343 3105 427 3181 Quos
450 3103 600 3162 desiderio
623 3106 712 3178 fines,
735 3126 812 3181 quae
833 3115 974 3182 tempora
994 3124 1081 3181 pono.

342 3192 383 3249 Et
401 3208 491 3264 quum
511 3196 542 3246 te
563 3188 595 3245 in
617 3197 734 3267 partem
753 3192 944 3249 lacrimarum
967 3207 1060 3265 saepe
1082 3188 1224 3261 voearim,

342 3275 429 3334 Pone
448 3292 555 3352 graves
575 3275 714 3350 gemitus,
736 3276 926 3351 lamentaque
947 3275 1051 3333 desine
1072 3292 1200 3347 mecum,

342 3361 497 3418 Funereos
518 3360 651 3417 lacerata
671 3361 769 3433 sinus,
794 3362 933 3419 immissa
954 3361 1081 3417 fluentes

343 3444 433 3502 Hirta
455 3464 510 3521 per
532 3464 585 3503 ora
606 3461 721 3517 eomas,
744 3447 894 3517 etscieso
919 3444 1069 3519 squallida
1089 3442 1190 3520 peplo.

344 3527 440 3589 Come
463 3539 631 3589 serenatam
656 3530 736 3589 festo
760 3531 930 3589 diademate
950 3531 1091 3588 frontem.

343 3614 439 3672 Indue
458 3634 612 3690 purpureo
632 3618 786 3675 radiantes
810 3616 924 3672 lumine
945 3614 1052 3673 cultus.

344 3698 484 3757 Detersis
507 3701 597 3774 euris,
619 3711 649 3760 et
667 3702 757 3778 pulsa
778 3702 858 3760 nube
879 3699 988 3758 doloris

346 3782 539 3860 Compositos
560 3805 666 3846 manes
687 3788 775 3847 hilari
800 3786 914 3864 pietate
936 3784 1081 3843 colamus.
