2884 4650
362 704 412 763 38.
468 702 708 762 Gtrnrtanurtmo
736 706 919 762 Francorum
948 713 973 760 et
999 704 1174 763 Polonoram
1200 703 1272 780 3092·

569 789 696 846 Heorieo
715 790 781 847 ΙΙΙ.
831 789 943 846 urana
964 789 1063 846 Musa.

361 873 509 949 Princeps
531 891 680 944 sororum,
705 892 783 948 quae
805 874 896 930 beata
917 891 1057 932 secessus

360 958 465 1018 Vireta
485 957 639 1016 celebrant
663 958 742 1014 inter
760 962 881 1017 Aonum
905 967 1040 1029 montes3

360 1043 487 1116 Urania,
511 1042 647 1117 quamvis
669 1061 717 1098 me
739 1050 861 1119 reposta
883 1042 1036 1100 caelorum

363 1126 489 1206 Species
506 1134 648 1198 moratur,
672 1127 839 1201 musicique
861 1136 1025 1187 concentus
1094 1121 1099 1135 ’

360 1213 466 1272 Mundi
485 1211 631 1282 volantis3
653 1212 793 1270 conscias
815 1220 916 1269 tamen
939 1213 993 1270 fati

362 1296 447 1357 Coeli
462 1297 586 1353 choreas
610 1296 750 1367 astricus,
772 1305 802 1352 et
822 1297 973 1354 Erronum

363 1381 487 1459 Septem
508 1381 615 1454 reliqui
637 1381 747 1457 spatia,
777 1400 854 1454 quos
878 1382 945 1439 citis
969 1379 1058 1458 bigis

362 1465 520 1526 Curriculo
543 1464 623 1524 Circi
647 1484 757 1542 magna
780 1484 902 1542 semper
921 1474 1075 1540 exercent,

361 1551 404 1611 Ut
425 1551 495 1607 hinc
516 1550 687 1616 ministrent
706 1551 771 1607 fata
788 1553 878 1608 rebus
903 1551 1053 1624 humanis,

361 1637 514 1696 Momenta
534 1635 660 1706 varient,
682 1654 717 1692 ac
735 1636 906 1711 reciprocos
929 1655 1018 1695 casus
1089 1664 1092 1677 ¹

362 1720 496 1780 Volvant
515 1719 682 1778 revolvant.
711 1719 851 1795 Namque
874 1740 922 1778 me
942 1722 1012 1796 pius
1034 1721 1145 1781 mentis

362 1806 494 1864 Incessit
510 1805 607 1877 ardor,
629 1824 738 1882 magne
760 1805 839 1877 Rex,
864 1813 897 1862 ut
918 1807 997 1863 bunc
1012 1814 1133 1864 nostrae

363 1889 471 1951 Gentis
496 1891 647 1963 clientem,
671 1909 758 1965 quem
774 1900 913 1948 recenter
934 1911 953 1948 a
972 1891 1068 1968 nigris

362 1977 433 2034 Leti
453 1975 589 2034 tenebris
610 1975 807 2047 imminentis,
828 1995 846 2032 a
869 1976 951 2033 dirae

364 2061 537 2122 Obliuionis
556 2060 776 2118 vindicavimus
796 2061 871 2131 fato,

363 2146 448 2204 Tuas
472 2145 510 2202 ad
533 2162 613 2215 aras,
638 2145 675 2201 ad
697 2153 841 2218 tuumque
864 2144 1003 2220 pulvinar

364 2229 499 2290 Sublime
520 2229 637 2300 sistam,
664 2228 797 2290 sinovis
821 2229 848 2286 ei
868 2228 986 2304 possim

329 2354 331 2356 -
363 2314 460 2373 Modis
482 2315 615 2373 honores
638 2332 813 2389 comparare
836 2314 964 2387 divinoe,

364 2399 445 2472 Quos
469 2400 519 2457 dia
542 2398 636 2475 spirat
655 2419 728 2456 aura
751 2400 881 2459 numinis
903 2400 1007 2471 vestri,

364 2482 511 2559 Solioque
529 2484 648 2561 fulgens
668 2486 818 2543 eminente
838 2485 994 2558 Maiestas.

365 2567 442 2645 Sper
465 2577 521 2643 est,
542 2577 594 2627 tuo
614 2577 648 2626 ut
668 2570 772 2627 favore
794 2570 885 2642 fotus,
909 2578 937 2627 et
957 2569 1028 2627 nido
1096 2584 1099 2590 ·

363 2653 443 2711 Tuto
462 2662 612 2731 receptus,
633 2674 688 2711 nec
710 2655 863 2712 licentiam
885 2654 1026 2713 indoctae

363 2738 478 2811 Plebis,
501 2758 556 2795 nec
577 2738 671 2796 ullum
695 2740 805 2815 stigma
827 2738 1120 2817 Grammatistarum,

363 2822 431 2881 Nec
450 2824 608 2899 inquinata
629 2822 748 2894 menda,
772 2842 828 2879 nec
849 2831 1028 2881 vetustatem

365 2907 485 2969 Sentire
503 2927 604 2984 porro,
628 2926 684 2965 nec
704 2926 825 2984 gravem
847 2910 936 2966 situm
959 2910 1069 2985 possit.

364 2995 404 3052 At
427 2993 561 3051 universi
579 2999 676 3049 rector
699 2992 782 3050 orbis
804 3000 958 3070 Augustus

363 3078 524 3137 Praestare
543 3096 602 3133 non
622 3076 654 3132 id
672 3077 777 3150 quivit,
797 3087 829 3135 ut
850 3097 922 3137 suns
945 3079 1050 3149 Vates,

364 3162 423 3236 Qui
448 3182 517 3222 sese
536 3162 567 3219 in
591 3161 655 3219 eius
677 3161 799 3219 tradidit
819 3163 1000 3234 clientelam,

364 3248 433 3307 Non
453 3249 513 3306 vim
537 3264 659 3305 severae
681 3247 784 3305 mortis
808 3248 1009 3324 experiretur:

364 3332 473 3407 Neque
495 3333 548 3390 ille
569 3330 698 3403 mendis,
717 3339 805 3405 atque
827 3333 1074 3410 paedagogorum

366 3416 592 3477 contaminatus
620 3416 827 3474 obsolesceret
848 3418 946 3494 nugis.

365 3502 424 3575 Tu,
448 3521 538 3578 quum
561 3501 740 3572 etenebris‚
764 3520 780 3558 e
804 3502 925 3560 silentio
947 3502 1001 3560 leti

365 3587 486 3645 Illustre
507 3589 603 3646 victor
624 3587 752 3644 efferens
774 3595 875 3663 caput,
900 3606 968 3645 sese
1006 3597 1009 3601 “

365 3671 466 3730 Dedat
487 3674 542 3730 tibi
559 3672 654 3730 Poeta
675 3671 759 3747 (nam
777 3679 830 3731 tuo
856 3679 929 3730 nutu

365 3758 476 3818 Videre
497 3756 595 3815 lucem
618 3776 651 3816 se
673 3756 838 3836 fatetur)[,]
859 3761 1029 3835 Augustum
