2884 4650
1282 521 1363 582 85

413 689 537 748 Pro
583 688 762 748 cultis
809 688 1023 765 elegis,
1065 688 1405 766 incomptas
1451 690 1639 748 fundo
1686 690 1982 766 querelas·

413 772 554 834 Non
601 774 750 831 mihi
793 781 956 845 sunt,
999 791 1153 846 quae
1196 782 1259 832 tu
1299 774 1603 848 quondam
1647 775 1892 834 laudare
1935 773 2194 851 solebam,

412 861 492 918 Et
539 860 685 934 quia
722 858 1043 929 laudabaS‚
1090 859 1319 917 cunctis
1361 859 1664 936 placitura
1705 863 1934 936 putavi,
2052 917 2057 920 ,

415 943 723 1004 Carmina.
769 961 955 1018 saepe
1000 943 1121 1002 tuis
1165 943 1383 1018 quibus
1431 952 1526 1002 est
1571 942 1826 1002 audacia
1866 947 2067 1005 'verbis

411 1029 661 1101 Addita,
705 1029 847 1086 dum
886 1022 1087 1084 clarae
1127 1035 1399 1086 metuunt
1439 1043 1510 1087 se
1552 1030 1795 1088 credere
1838 1030 1980 1092 luci.

413 1114 664 1185 Omnia,
706 1120 771 1170 tu
812 1113 1078 1171 moriens
1118 1112 1269 1170 haec
1311 1122 1512 1173 tecum
1553 1122 1734 1190 rapta
1773 1112 2011 1175 tulisti.-

415 1199 646 1259 Omnia
684 1197 863 1255 ferali
905 1205 1045 1256 sunt
1083 1204 1281 1272 tecum
1325 1198 1568 1256 condita
1605 1200 1797 1259 busto·

416 1284 471 1344 O
514 1283 709 1355 luces⁹
758 1303 795 1340 o
846 1301 999 1356 quos
1040 1283 1308 1356 memini,
1358 1284 1498 1340 dum
1543 1284 1670 1342 fata
1707 1285 2009 1359 sinebant,

417 1367 745 1443 Colloquio
788 1367 947 1424 dulci
989 1375 1187 1424 tecum
1228 1384 1325 1426 me
1368 1369 1628 1427 condere
1669 1360 1869 1430 Soles.

417 1454 703 1527 O,tritos
749 1468 1025 1512 sermone
1062 1452 1215 1524 dies,
1276 1461 1337 1510 et
1378 1454 1540 1512 seria
1582 1447 1792 1513 mixtis

414 1538 737 1597 Alternata
774 1536 940 1595 iocis.
990 1557 1025 1594 o
1072 1555 1221 1610 quas
1266 1538 1530 1596 mirabar
1570 1539 1854 1613 adorans,

418 1623 812 1697 Oblitumque
848 1621 969 1678 mei
1006 1622 1152 1678 mihi
1195 1641 1291 1680 me
1338 1638 1595 1698 rapuere
1639 1625 1931 1699 loquelae.

415 1708 559 1766 Heu
599 1707 707 1765 ubi
744 1705 965 1764 conditi
1007 1706 1248 1782 placida
1295 1708 1590 1785 gravitate
1629 1709 1895 1786 lepores,

417 1794 615 1868 Atque
661 1790 927 1850 serenati
967 1791 1173 1849 divina
1214 1794 1518 1853 modestia
1537 1794 1803 1852 'vultusi'

421 1878 476 1938 O
522 1876 803 1954 castigati
846 1874 1155 1935 Charitum
1201 1878 1467 1935 sacraria
1511 1891 1727 1937 mores.

418 1963 475 2022 Ο
513 1963 738 2040 pieta3‚
782 1981 818 2019 0
856 1979 1010 2018 cana
1051 1962 1228 2033 fides,
1274 1982 1310 2020 0
1350 1963 1545 2020 mixta
1578 1964 1881 2020 “bonorum

420 2047 797 2124 Temperies·
838 2046 1009 2106 Unus
1052 2047 1281 2119 habuit,
1326 2067 1483 2122 quae
1521 2049 1734 2105 fiemus
1781 2047 1846 2104 in
1889 2067 2031 2110 uno»

417 2136 499 2192 At
543 2150 659 2190 vos
708 2151 745 2189 o
771 2130 955 2208 ‘digni
995 2130 1211 2208 Pylios
1252 2132 1680 2191 transcendere
1720 2133 1897 2206 fines,

417 2219 497 2277 Et
536 2226 744 2275 tamen
784 2224 924 2275 ante
967 2216 1128 2273 diem
1170 2217 1395 2275 crudeli
1436 2218 1649 2276 funere
1693 2218 1874 2294 rapti,

417 2302 671 2361 Innocui
715 2303 951 2374 Mance,
990 2301 1182 2361 nostri
1221 2302 1513 2361 libamina
1554 2304 1750 2361 luctus

417 2388 695 2465 Accipite
739 2388 851 2445 has
893 2387 1197 2445 lacrimas.
1244 2388 1323 2446 Et
1360 2406 1516 2464 quos
1561 2396 1870 2463 praestare
1896 2387 2198 2449 Camenae

418 2472 566 2532 Non
611 2479 867 2549 potuere
908 2488 1103 2545 meae,
1145 2472 1344 2549 pietas
1393 2481 1764 2550 compenset,
1811 2474 2089 2535 honores.

616 2643 673 2699 7.
756 2642 1103 2717 Epicedium
1134 2644 1199 2699 in
1233 2643 1448 2699 obitum
1499 2643 1635 2699 Iani
1675 2643 1910 2701 Dousae
1953 2645 2026 2703 R

421 2725 532 2787 Sol
579 2726 682 2800 qui
731 2726 1006 2785 labentes
1047 2727 1112 2783 in
1144 2726 1389 2785 saecula
1432 2725 1655 2803 digeris
1703 2743 1917 2802 annos,

420 2809 570 2884 Quis
618 2811 835 2870 modus
880 2811 1205 2887 exequiis?
1250 2828 1428 2886 quem
1472 2811 1567 2870 fas
1616 2812 1980 2873 caelestibus
2022 2814 2151 2886 iris,

418 2899 544 2955 Aut
580 2896 975 2955 conclamatis
1019 2897 1201 2954 finem
1245 2904 1519 2973 spectare
1559 2896 1795 2957 ruinis?

421 2982 545 3039 Vix
578 2989 688 3039 tua
732 2981 965 3039 sidereo
1005 2981 1225 3057 relegis
1263 2981 1523 3058 vestigia
1559 2997 1772 3057 passu,

423 3064 741 3125 Clarorum
779 3066 1042 3143 capitum
1090 3084 1330 3142 semper
1371 3085 1532 3125 nova
1570 3067 1782 3134 funera
1817 3067 2038 3138 cernis,

421 3150 501 3209 Et
540 3150 673 3210 sine
715 3162 907 3209 morte
944 3150 1145 3223 aliqua
1183 3165 1488 3225 nunquam
1531 3159 1634 3209 tua
1678 3152 1854 3229 signa
1892 3164 2197 3209 recenses·

420 3233 555 3293 Nec
597 3232 831 3292 tantuin
876 3234 1157 3294 exoriens
1204 3235 1491 3295 caelestia
1533 3237 1736 3295 sidera
1787 3234 2024 3295 condis}

422 3318 733 3378 Deficiunt
762 3320 930 3395 ipsas
970 3320 1151 3378 etiam
1199 3338 1311 3379 sua
1352 3316 1583 3379 lumina
1622 3330 1836 3391 terrae,

426 3404 698 3464 Occidua
736 3420 990 3479 quorum
1033 3405 1298 3482 caligant
1335 3406 1580 3464 saecula
1621 3403 1778 3476 luce,
1854 3455 1858 3461 .

426 3487 505 3548 Ut
541 3507 724 3565 quum
771 3497 835 3547 tu
881 3491 1141 3565 pallens,
1182 3491 1389 3550 radios
1436 3494 1732 3550 subeunte
1776 3503 2005 3562 sorore,

423 3572 635 3634 Rebus
678 3575 959 3634 ademisti
1002 3575 1202 3635 subita
1240 3576 1351 3635 sub
1393 3581 1567 3633 nocte
1611 3572 1893 3632 colorem.

425 3657 587 3735 Ergo
632 3660 773 3717 dum
817 3668 1141 3737 praerepta
1175 3660 1324 3719 mihi
1364 3667 1457 3718 tot
1498 3658 1746 3735 pignora
1786 3674 1926 3717 cara

424 3742 695 3817 Flentur‚
749 3753 810 3803 et
853 3745 1143 3820 exequias
1182 3753 1346 3805 totus
1392 3744 1721 3820 dispenset
1760 3745 1823 3802 in
1869 3754 2111 3804 omnes:
