2884 4650
576 560 727 655 -υρυ-

212 728 261 789 Ex
284 726 512 806 Epigrsmmete
537 729 649 801 ltslieo
671 728 883 813 roeundissimi
905 732 1083 809 argumenti.

391 862 396 868 .
545 832 584 871 ex
605 823 667 872 tem
690 826 770 873 οπο.

190 892 252 977 ἤδη
276 893 413 976 φροῦδον
432 890 498 977 ἔην’
510 898 631 979 ψυχρῖης
653 834 703 957 &fil
721 894 855 979 χειλεσιν
879 892 995 979 ἆσθμα,

234 975 265 1038 κ’
290 976 327 1039 οὔ
353 978 454 1061 μακρὴ
474 983 581 1061 περιῆν
600 981 676 1063 τῇδε
697 980 831 1063 θόραζεν
854 979 943 1047 ὁδός·

193 1061 338 1144 δππῖγμος
360 1064 515 1145 μαλακαῖς
534 1062 701 1148 εόωδείησι
725 1062 884 1149 φλέγουσα

235 1144 314 1229 ἄλλη
340 1146 507 1230 δυσπότμῳ
529 1149 617 1233 ψυχὴ.
638 1149 830 1232 ὑπηντίασεν.

194 1230 220 1292 ὦ
244 1230 390 1315 γλυκεραὶ
414 1230 549 1309 σύνοδοι,
572 1234 597 1295 ὦ
622 1233 774 1318 συμβολίη
798 1232 954 1316 ἐρατεινη·

236 1315 347 1377 δισσῶν
365 1314 423 1421 γὰρ
446 1320 554 1401 ψυχῶν
579 1320 686 1399 ζεῦγος
708 1315 892 1402 ἐναρμόδιον

196 1399 301 1481 δισσὴν
321 1400 486 1484 ἡμετεραις
508 1402 590 1482 ζωὴν
611 1402 771 1487 κραδίησιν
797 1400 907 1484 ἔθηκεν

238 1482 291 1545 σὺν
312 1489 352 1567 τῇ
374 1484 523 1591 ἀμοιβαίη
545 1489 641 1569 κηρὸς
662 1486 824 1572 ἐπηβολίη.

191 1567 246 1630 καί
261 1588 295 1629 τε
317 1568 417 1631 δοκῶν
439 1569 561 1632 θανεειν
585 1570 691 1638 δισσὰς
713 1570 816 1655 ψυχὰς
834 1567 908 1653 μάλ’
935 1568 1078 1636 ἐπέσπον.

237 1653 289 1715 καλ
309 1651 457 1717 δοκέοντα
480 1658 533 1737 ζῆν
558 1660 652 1739 μοῖρα
671 1656 756 1763 κίχεν
776 1655 925 1718 θανάτου.
957 1692 958 1697 1

193 1735 293 1820 ἔμπης
312 1738 457 1844 συντυχίη
481 1761 516 1821 γε
537 1740 588 1802 καὶ
607 1742 768 1824 άλλοκοτιρ
792 1762 850 1823 περ
871 1736 1007 1824 ἔχαιρον.

236 1822 262 1883 ὦ
284 1820 388 1905 ἐρατοὶ
409 1825 554 1907 πολεμοι,
578 1824 665 1886 αἵτε
688 1824 892 1908 διχοστασίαι,

194 1904 305 1974 αἵτινες
326 1904 486 1977 ἀσπασίως
508 1913 549 1991 ψυ
573 1909 610 1991 ὴν
633 1908 813 1993 συνδίπλαχ’
837 1908 968 1986 ἕνωσαν,
1062 1958 1064 1969 .

240 1991 349 2072 διπλῆν
372 2015 405 2053 τε
429 1992 524 2075 ζωὴν,
549 1931 708 2055 διπλάσιον
729 2016 762 2055 τε
785 1991 890 2075 μόρον.

233 2162 311 2221 Item
332 2182 370 2221 ex
381 2164 496 2223 Italico.
517 2185 555 2223 ex
570 2173 714 2242 tempore.
743 2161 847 2247 Ψυχὴ,
868 2162 919 2225 καὶ
935 2158 1061 2245 Χάρων.

191 2242 232 2308 X.
256 2242 385 2330 Χάρων,
406 2244 532 2331 Χάρων.
565 2244 605 2309 Χ.
629 2246 781 2314 τίςόὖτυς
804 2245 943 2332 αὐθάδης
959 2248 1039 2394 ροηῖς

192 2329 235 2392 Ψ.
258 2330 365 2399 πιστός
384 2330 416 2412 γ’
442 2330 572 2416 ἐραστὴς
592 2335 647 2412 τῆς
666 2332 763 2416 πέραν
788 2330 914 2417 χρηίζων
939 2334 955 2396 δ
978 2337 1025 2395 οῖ.

192 2413 234 2477 Ψ.
259 2419 318 2498 φεῦ
340 2419 395 2498 τῆς
417 2416 560 2499 ἀνάγκης.
582 2417 634 2478 καὶ
657 2417 700 2486 τίς
720 2415 872 2500 αὐδέντης
894 2415 965 2524 ἔηυ,

191 2499 236 2567 τίς
255 2498 401 2606 αὐτόχειρ
424 2506 496 2578 0053
521 2501 560 2564 Ψ.
584 2502 694 2578 δεινδς,
719 2503 745 2564 ῶ
771 2499 899 2584 Χάρων,
920 2524 1009 2585 ερως.

191 2581 233 2648 Χ.
259 2583 357 2668 ἄλλην
379 2586 507 2649 απελδε.
532 2585 604 2653 τοὺς
629 2584 760 2670 ἐραστὰς
782 2585 818 2651 οὐ
840 2591 937 2670 περῶ.
965 2590 968 2598 '

192 2669 235 2732 Ψ.
257 2669 368 2752 ταύτην
389 2672 529 2754 περάσω,
552 2671 607 2753 κῆν
631 2670 739 2755 δέλης,
760 2671 816 2754 κῆν
841 2672 881 2754 μὴ
907 2670 1014 2756 δέλης,

193 2751 305 2859 ταύτην
331 2755 471 2838 περάσω.
496 2755 548 2818 καὶ
570 2754 627 2838 γὰρ
649 2753 688 2818 αὖ
711 2755 823 2823 τόσους
846 2753 912 2840 ἔχω

194 2838 339 2923 στερροὺς
361 2839 481 2908 ὀϊστοὺς
499 2844 581 2923 κῆρι,
602 2841 656 2902 καὶ
675 2840 801 2923 γλήναις
822 2841 917 2926 λίβος,

194 2925 274 2987 ὥστε
295 2923 423 3008 σκάρος,
443 2927 550 3009 κώπην
573 2947 617 3002 τε,
637 2925 688 2987 καί
709 2925 815 3010 λίμνην
834 2929 944 2988 ποιεῖν.

280 3094 437 3151 Οοιλιοιῖυαο
459 3097 506 3145 des
528 3096 630 3146 Roehes
650 3096 753 3160 puellae
776 3098 943 3148 Pictaviensis
968 3094 1105 3161 (moribus,

346 3165 498 3225 eruditione,
515 3163 600 3215 forme
616 3167 865 3233 praestantissimae)
877 3167 1056 3230 Protrepticon
1073 3164 1107 3212 ed

344 3230 519 3284 christianiss.
537 3233 636 3297 Regem
649 3234 790 3285 Henricum
796 3235 847 3288 111.
867 3234 965 3284 Gallice
978 3234 1106 3296 scriptum,

343 3310 370 3350 οι
387 3301 492 3352 Graecis
516 3302 613 3352 lambis
641 3301 787 3370 ansepho
809 3304 942 3366 scaligero
961 3301 1009 3351 Iul.
1032 3299 1106 3350 Caes.

343 3370 374 3422 F.
397 3386 558 3436 expressum.
1142 3373 1146 3380 '

193 3449 258 3515 τοῖς
279 3446 393 3518 ἀξίοισι·
411 3449 570 3520 δεξιωδσὶς
590 3456 650 3515 τῶν
672 3456 771 3536 γερῶν
850 3473 854 3478 ’

235 3533 312 3616 πρὸς
330 3537 389 3596 τῶν
412 3535 553 3613 ὀθνείων,
574 3535 651 3621 πρός
668 3559 702 3599 τε
719 3538 879 3620 πηλουρῶν
899 3535 978 3595 λεῶν

235 3619 394 3703 λαμπρῶς,
419 3619 507 3704 μόλις
528 3622 578 3706 δὴ,
602 3620 715 3706 φέγγος
734 3621 859 3704 ἡρώων,
884 3615 971 3700 μόλις

236 3700 327 3786 φίλην
352 3704 469 3791 άνέρχη
492 3707 569 3789 πρὸς
589 3707 706 3790 πάτραν
733 3701 944 3787 ἀπόστρορος·

820 3787 835 3810 ’θ’

234 3789 345 3877 καλαῖς
368 3788 398 3851 δ’
422 3790 568 3874 ἀμοιβαῖς
587 3789 790 3872 ἀνταμείβεις,
805 3807 839 3849 ’ω
862 3785 973 3872 πρόμε,
