2884 4650
222 2557 228 2568 “
339 2535 368 2601 Π

716 510 870 607 ²—⁴⁰.

334 676 376 742 ‘H
398 677 493 761 ζημία
514 676 650 761 πέφυκεν
672 676 707 739 ἐκ
729 676 918 760 περιουσίας.

335 758 475 847 Ἐχθροῦ
498 765 652 846 φρονῆσαι
673 763 803 843 μᾶλλον,
823 784 843 843 η
870 761 976 825 λαλεῖν
996 760 1078 848 πέρι.

334 844 460 915 Ἀθῦιός
481 846 555 922 ἐστι,
572 844 692 929 χρηστὰ
716 846 889 953 βουλεύειν,
908 845 1006 931 τριβή.

337 928 506 995 Βουλευτέ
531 931 593 993 ἐστὶ
615 930 670 1011 δὴν
692 952 731 992 τα
751 929 832 999 ἅπαξ
854 930 1007 1014 κυροντέα.

331 1012 436 1083 Ὅστις
455 1014 588 1079 πέποιθε
610 1019 650 1097 τή
669 1014 784 1097 πλάνη,
806 1020 1011 1100 παραφρονεῖ.

337 1098 426 1164 Κατα
454 1098 583 1183 ρόνησον
606 1102 721 1180 κτῆσιν,
744 1100 787 1161 ὧν
812 1100 894 1162 ἀλεῖν
918 1098 1005 1183 δύνη.

338 1184 426 1249 Πόλλ
460 1184 582 1266 ὑστερεῖ
598 1181 716 1264 πένητι,
737 1187 797 1246 πᾶν
818 1185 1009 1269 φιλαργύριρ.

338 1270 446 1333 Δεινδν
470 1269 504 1331 τδ
526 1268 607 1350 θῆλυ
631 1267 893 1350 δακρυοπλαστεῖν
914 1267 1017 1349 γόους.

338 1352 463 1438 Χρόνου
486 1353 516 1433 γ’
542 1352 676 1413 ῦποπτον
698 1352 811 1436 δῶρον.
833 1353 964 1435 ἁρπάζει
985 1352 1075 1438 ταχύ.

339 1438 510 1521 Δυσηκοεῖν
535 1438 584 1499 δεῖ
601 1437 678 1518 πρὸς
699 1436 823 1520 τυχόντ’
842 1436 1030 1520 ἐγκλήματα.

330 1519 373 1586 Ὃ
424 1522 535 1604 ροῦδον
557 1520 720 1603 ἠγνόηκας,
740 1520 797 1584 ούκ
819 1520 968 1584 ἀπόλωλέ
991 1544 1049 1588 σοι.

339 1545 500 1689 Μαθήτρι’
520 1604 599 1667 ἐστὶν
622 1606 641 1686 ή
660 1604 784 1669 ’πιοῦσα
804 1610 858 1689 τῆς
876 1610 1004 1689 προτοῦ.

335 1687 489 1774 Ὁμόνοια
510 1689 622 1772 μείζων
645 1688 679 1750 ἐκ
701 1692 897 1771 καταλλαγῆς
917 1688 988 1775 ἔφυ.

338 1773 419 1858 Νίκη
442 1774 552 1859 ταχείᾳ
574 1774 623 1835 δεῖ
641 1779 841 1858 παρασκευῆς
860 1779 990 1859 μακρᾶς.

340 1858 479 1922 Φθίνοιτ’
506 1858 541 1921 ἀν
564 1857 657 1939 ἄλγος
680 1859 721 1942 μὴ
747 1859 886 1929 αύΕοίνειν
909 1857 982 1945 ἔχον
1004 1858 1123 1943 πρόσιυ.
1155 1866 1161 1873 ’

339 1942 446 2025 Βουλή
470 1946 644 2027 στρατηγῶν
662 1942 746 2015 Ιἐστὶν
770 1943 896 2027 ἀνδρεία
918 1949 1059 2029 στρατοῦ.

338 2025 551 2111 Εύημεροῦσιν
573 2027 688 2110 αἵρεσις
708 2028 844 2090 θανοίτου
867 2029 958 2111 καλή.

339 2113 470 2195 Φεύγειν
493 2114 527 2175 τδ
550 2110 660 2195 κέρδος
683 2112 747 2174 ἐστὶ
771 2114 930 2198 βασιλείας
947 2118 1079 2197 κρατεῖν.

337 2197 502 2279 Ἀνενδεὴς
523 2196 561 2274 εἴ,
586 2195 659 2257 όσον
683 2196 854 2259 ἐλαττόνων
882 2197 963 2280 ἐμοῖς.

332 2278 391 2352 Ὦς
414 2281 492 2344 ἐστιν
518 2280 677 2365 ἐγγήραμα
701 2281 792 2344 δυστυ
816 2282 859 2358 ἐς,
882 2280 997 2367 φύβοςί
1121 2311 1123 2316 ·

329 2365 391 2432 Ὃν
412 2368 501 2451 χοίρις
522 2366 657 2450 ἐλήφθη,
678 2365 764 2429 τόνδ’
788 2304 948 2451 ἀφειλετσι
966 2366 1089 2451 τρόπον.

335 2449 373 2516 '0
394 2453 448 2534 γὴν
470 2452 611 2535 ἀφαιρεῖν
637 2453 671 2514 τὸ
696 2449 798 2536 βέλος,
827 2452 864 2514 ού
885 2454 1003 2527 δοῦναι,
1025 2451 1146 2536 πρέπει.

372 2475 467 2620 ἀφυκε
489 2535 622 2620 ταχύτης
643 2539 693 2599 καὶ
718 2537 849 2620 βραδεῖα
869 2541 914 2620 τῷ
934 2537 1036 2621 πύθιρ.

341 2620 483 2684 Θανάτου
499 2619 566 2683 ’σθ’
590 2622 711 2706 ἑταῖρος
734 2622 847 2704 ἀκλεής
868 2622 934 2706 βίος
954 2623 1065 2706 βροτιῦ.

339 2703 466 2788 Μέρους
485 2705 628 2768 κακίστου
650 2705 765 2789 τέκμαρ
789 2705 884 2790 ὄχλος
906 2705 972 2767 ἐστ’
992 2681 1050 2768 ἀεί.

340 2786 416 2856 Βίος
435 2789 535 2874 ἀθλίῳ
558 2791 714 2872 μήκιστος,
736 2790 833 2874 δλβίῳ
854 2790 980 2874 βραχύς.

338 2871 468 2957 Ἀρετῆς
489 2874 632 2958 ἀφορμὴν
656 2876 755 2937 καὶτὸ
778 2873 951 2958 δυστύχημ’
973 2872 1049 2958 ἔχει.

341 2956 414 3025 Τοῖς
436 2957 555 3024 ἀθλίοις
575 2963 647 3025 νοῦς
669 2959 793 3042 ὑστερεῖ
808 2983 843 3021 τε
862 2960 914 3022 καὶ
936 2956 1015 3042 πέρι.

336 3041 378 3106 Ἡ
400 3041 579 3126 καρτέρησίς
601 3042 664 3105 ἐστι
687 3044 851 3128 δυστυχίας
870 3045 971 3127 λιμήν.

339 3125 402 3192 Καὶ
423 3131 487 3194 τοῖς
505 3125 654 3189 ποθοῦσιν
677 3126 797 3210 ὠκύτης
818 3129 883 3191 ἐστὶ
907 3128 1005 3214 τριβή.

334 3210 373 3276 ”E
397 3235 424 3275 ει
449 3211 503 3295 μὲν
529 3210 605 3272 ἰδίαν
626 3211 677 3274 καὶ
701 3212 786 3274 σκιάν
808 3215 828 3294 ἡ
852 3212 919 3295 θρὶξ
945 3213 1010 3294 μία.

341 3237 464 3365 Δύῖοιιος
486 3295 620 3380 ἐχθροῖς,
641 3297 746 3363 πιστὸς
766 3296 796 3357 ἐν
820 3299 957 3383 βουλαῖς,
980 3294 1078 3358 πέλει.

340 3379 410 3464 Κᾷκ
432 3384 491 3443 τῶν
513 3380 627 3443 ἀθώιυν
650 3382 766 3464 ψεῦδος
784 3381 927 3466 ἐκβάλλει
947 3380 1049 3447 πόνος.

336 3462 402 3610 {a}
423 3465 780 3611 nkgqppequvtdssfottv
803 3463 1066 3611 είιρρκεῖνῖθέγρρςἑ
1103 3504 1110 3513 ,

333 3571 440 3717 ινῖξῖ
460 3553 604 3718 ,ἔλθέ
617 3573 727 3719 ήιθῖἶῖ
746 3552 1013 3742 ῖβξιῖὲῖαλῖάε
1035 3570 1072 3610 “’

341 3713 380 3780 Εἰ
401 3717 452 3781 καὶ
475 3717 608 3802 μέμυκεν
632 3719 731 3797 ἕλκος,
754 3745 775 3804 η
794 3718 826 3804 γ’
853 3719 931 3802 οὐλὴ
954 3720 1051 3802 μενεῖ.
1116 3735 1122 3750 ·
