2884 4650
703 513 854 607 „²2²-

323 681 405 743 Nam
422 682 514 758 periit
534 681 612 739 mihi
630 681 797 759 virginitas.
826 680 913 739 Haec
930 679 1010 739 falsa
1031 680 1135 738 locuta
1156 690 1214 756 est,

366 766 490 826 Dolium
508 766 715 848 apud-manes
737 786 848 843 nempe
870 765 974 824 videre
997 765 1114 825 volens.

324 934 395 1011 pto
590 928 657 995 Οὐκ
680 929 744 994 οἷδ’
768 932 796 993 εἰ
818 929 978 993 Διόνυσον.

324 1022 404 1097 Ergo
413 1028 512 1078 utrum
525 1039 674 1094 accusem,
686 1019 889 1091 Bacchumne,
902 1018 1045 1095 incertus,
1056 1038 1096 1079 an
1107 1022 1235 1081 imbrem

366 1104 493 1165 Nescio.
514 1106 672 1182 lapsantes
694 1104 775 1161 fallit
792 1111 919 1179 uterque
939 1104 1046 1180 pedes.
1176 1107 1181 1116 “

324 1190 414 1264 Ecce,
435 1191 516 1249 redis
537 1198 628 1266 potus
650 1190 723 1249 dum
744 1208 824 1261 rure,
845 1188 1019 1265 Polyxene,
1038 1190 1131 1250 funus

369 1274 519 1348 Condere,
541 1275 650 1334 laboso
674 1274 871 1350 praecipitate
892 1274 970 1351 ingo.

324 1360 454 1421 Aeolide
476 1368 506 1417 et
525 1358 655 1437 Smyrna
675 1360 752 1417 situs
775 1378 808 1416 es
830 1359 945 1435 procul.
965 1359 1077 1418 Ebrius
1098 1379 1169 1438 ergo

367 1444 514 1521 Quisquis
538 1446 605 1517 erit,
626 1444 762 1521 pluvium
781 1452 872 1502 nocte
890 1451 1012 1503 veretor
1030 1444 1098 1503 iter.

324 1612 393 1687 t²⁰
618 1606 679 1691 Τὴν
704 1607 806 1691 τίτθην
827 1604 945 1691 Ἱέρων.

323 1697 384 1756 Hic
405 1694 520 1755 Hieron
540 1699 663 1756 amitam
686 1696 833 1770 Sileuida,
855 1701 967 1774 pocula
985 1700 1062 1757 dura

364 1782 496 1841 Vincere
518 1800 606 1857 quam
628 1784 702 1843 duro
725 1802 784 1840 uon
804 1790 930 1859 potuere
950 1802 1043 1856 mero,

323 1868 406 1927 Rure
429 1886 483 1927 suo
507 1870 629 1945 sepeliit
651 1869 800 1927 functamz
828 1877 862 1926 nt
881 1869 929 1927 vel
951 1876 1081 1941 mortua,
1100 1867 1214 1926 Bacchi

364 1952 455 2011 Nunc
476 1956 603 2031 propius
628 1963 733 2032 gratos
756 1960 816 2012 stet
834 1954 983 2014 tumulata
1002 1955 1097 2013 lacus.

322 2122 391 2198 722
582 2114 718 2201 Ἠπείρῳ
742 2119 775 2202 μ’
799 2120 971 2182 ἀποδοῦσα.

321 2208 490 2283 Exceptum
512 2214 602 2276 terra,
627 2206 712 2264 saevi
732 2208 825 2267 maris
844 2207 983 2283 improbe
1006 2209 1125 2281 ductus,

366 2294 465 2352 lactas
488 2310 537 2350 me
557 2290 659 2350 ludum
682 2292 923 2370 quisquiliasque
939 2302 1020 2354 tuas.

322 2377 563 2455 Naufragiumne
583 2377 636 2436 uni
656 2377 732 2435 mihi
751 2398 841 2439 casso
859 2379 927 2437 luce
945 2380 1077 2438 minatur

365 2463 471 2534 Terra,
495 2480 549 2520 neo
573 2481 592 2520 a
615 2463 733 2538 scopuli
754 2484 837 2524 mors
857 2483 925 2522 mea
944 2473 1009 2523 tuta
1028 2472 1110 2523 metu
1131 2466 1201 2524 est?

323 2546 402 2620 Quin
426 2547 523 2624 potius
545 2567 593 2605 me
615 2548 721 2608 condis
747 2551 847 2626 aquis,
870 2550 918 2609 vel
937 2550 1039 2609 reddis
1061 2569 1183 2624 arenae,

363 2631 431 2690 Nec
452 2633 646 2694 defraudatur
663 2633 770 2693 funere
792 2644 874 2694 terra
893 2635 969 2693 sno?

322 2801 390 2876 723
604 2799 645 2862 Al
666 2801 812 2864 altoire
834 2802 953 2886 βαρεῖα.

321 2887 370 2947 Ah
391 2886 431 2942 ah
449 2885 515 2943 dira
534 2883 612 2959 luas,
636 2907 706 2946 nam
730 2908 808 2965 quae
832 2888 1014 2949 iuvenilibus
1036 2888 1125 2948 aunis

363 2971 493 3044 Invidia,
515 2973 624 3030 aetatis
647 2982 772 3048 perpete
794 2975 869 3033 flore
891 2975 967 3032 fruit

320 3055 403 3116 Nam
422 3056 505 3132 prins
524 3056 638 3115 orbasti
659 3057 853 3120 Timarchum
873 3059 988 3118 lumine
1007 3059 1098 3130 vitae,

365 3143 465 3219 Quam
486 3150 597 3218 nuptae
618 3143 718 3217 potuit
737 3161 790 3202 ora
808 3145 911 3202 videre
933 3162 1017 3203 suae.

321 3313 390 3391 732
595 3306 676 3370 Γαῖα
698 3310 752 3390 μὲν
776 3309 807 3371 ἐν
829 3309 963 3377 κόλποις.

322 3398 419 3456 Terra
436 3399 506 3457 sinu
526 3397 627 3474 magni
650 3399 860 3474 complectitur
880 3416 954 3456 ossa
972 3396 1126 3468 Platonis,

276 3480 278 3490 ’
363 3485 422 3540 Ast
442 3484 544 3542 anima
565 3481 719 3542 ordinibus
742 3491 848 3542 sancta
867 3491 990 3560 recepta
1009 3482 1111 3540 Deum
1133 3488 1190 3539 est.

298 3631 302 3640 ,
322 3565 415 3626 Cuius
434 3569 540 3628 Aristo
563 3577 658 3645 pater,
677 3567 787 3626 fruitur
805 3569 856 3644 qui
876 3566 945 3626 luce
961 3569 1114 3628 Deorumt

363 3649 460 3726 Quem
479 3655 577 3713 bonus
599 3654 753 3714 admirans
776 3654 823 3714 vel
845 3652 947 3731 procul
970 3653 1070 3713 omnis
1089 3658 1182 3710 amat.
