2884 4650
1451 525 1574 585 250

604 689 706 754 ΙΔ.
760 686 876 752 Ἤν
914 710 1000 757 τις
1043 687 1100 750 σ’
1149 688 1474 768 αἰνέσσειε,
1526 691 1600 754 σὺ
1640 689 1843 773 γίγνου
1895 690 2025 751 σεῖο
2079 688 2386 771 δικαστής.

775 770 882 857 Μὴ
925 771 1165 835 πίστευ’
1218 772 1430 844 ἄλλοις
1466 777 1603 859 περὶ
1650 778 1762 837 σοῦ
1795 771 2009 849 πλέον,
2048 772 2127 856 ἠὲ
2158 777 2433 857 σεαυτῷ.

609 854 708 921 ΙΕ.
779 856 904 941 Τὴν
952 857 1303 942 εὐεργεσίην
1355 861 1563 925 ἄλλων
1607 860 1694 923 ἐνὶ
1732 858 1976 920 πλείοσι
2015 855 2288 938 θρόλλει.

758 940 876 1005 ’Ὴν
919 941 989 1005 δέ
1032 965 1088 1004 τι
1133 942 1275 1011 τοὺς
1316 944 1546 1013 ἄλλους
1582 943 1650 1009 εὖ
1690 944 1896 1027 ἕρδῃς,
1939 944 2129 1004 κεῦθε
2173 944 2403 1025 σιωπῇ.

607 1024 691 1096 le.
775 1024 992 1090 Πολλὰ
1015 1025 1211 1111 γέρων
1231 1032 1479 1092 πολλῶν
1508 1026 1892 1112 μεμνημένος
1920 1023 2069 1108 ἔργα
2096 1024 2316 1106 λόγους
2334 1048 2430 1105 τε,

772 1108 1121 1179 Ἐνδυκέως
1169 1109 1442 1196 μέμνησο
1489 1114 1676 1197 τάπερ
1723 1110 1862 1179 νέος
1894 1111 1980 1173 ὤν
2011 1108 2156 1172 ποτ’
2185 1107 2432 1192 ἔοργας.

607 1190 705 1256 ΙΖ.
771 1192 897 1258 Τοῦ
939 1194 1214 1278 κρυφίως
1247 1198 1328 1280 μή
1372 1220 1469 1260 σοι
1498 1197 1735 1281 μελέτω
1761 1196 1873 1257 τινὶ
1902 1196 2427 1275 κοινολογοῦντος.

776 1277 905 1341 Πᾶν
951 1280 1156 1362 ὑφορᾶ
1182 1280 1330 1344 κάθ’
1356 1282 1603 1358 ἑαυτοῦ,
1634 1282 1702 1350 ὃς
1724 1280 1898 1364 αὐτῷ·
1920 1281 2133 1363 φαῦλα
2158 1277 2429 1341 σύνοιδε.

610 1358 718 1423 ΙΗ.
774 1359 881 1425 Ἐν
919 1366 1050 1431 ταῖς
1087 1341 1394 1450 εὖτυχίαις
1436 1365 1511 1428 τὰ
1558 1365 1746 1450 τύχης
1786 1362 1959 1447 ἑτερό
2004 1362 2139 1447 ροπ’
2189 1361 2401 1425 ἄλευε.

779 1443 937 1530 Οὐχὶ
980 1446 1054 1509 τὰ
1090 1446 1314 1510 λοίσθι’
1343 1450 1440 1512 ἀεὶ
1484 1454 1610 1518 τοῖς
1650 1452 1915 1533 πρώτοις
1991 1446 2081 1509 στὶ
2129 1446 2397 1530 συνῳδά.

606 1526 710 1591 ΙΘ.
775 1526 920 1611 Εἴγε
967 1532 1357 1613 μινυνθάδιος
1395 1533 1524 1618 βίος
1569 1534 1693 1596 ἐστὶ
1737 1533 1838 1596 καὶ
1882 1530 2143 1599 ἄστατος
2181 1531 2385 1613 ἡμῶν,

769 1609 875 1675 Ἐν
923 1612 1096 1699 μόρῳ
1138 1617 1442 1701 ἀλλοτρίῳ
1473 1619 1586 1701 τὴν
1615 1618 1836 1681 ἐλπίδα
1878 1620 1990 1678 σοῦ
2023 1616 2104 1699 μὴ
2138 1615 2425 1697 ἀναρτᾷν.

606 1693 685 1759 Κ.
772 1693 860 1759 Εἴ
882 1720 937 1759 τι
985 1721 1080 1761 σοι
1122 1700 1416 1769 ἀκτέανος
1460 1702 1637 1786 φίλος
1682 1702 1928 1768 εὐτελὲς
1958 1700 2173 1763 ὤπασε
2200 1700 2428 1781 δῶρον,

777 1781 1084 1866 Δέχνυσαι
1113 1785 1444 1868 εὐμενέως,
1462 1788 1563 1849 καὶ
1590 1787 1907 1850 ἐπαίνεσον
1938 1782 2194 1868 εὔφρονι
2218 1783 2427 1865 θυμῷ.

613 1860 748 1927 KA.
775 1862 860 1929 Εἴ
894 1890 962 1929 σε
1003 1874 1266 1933 τεκοῦσα
1300 1871 1479 1955 φόσις
1493 1874 1715 1953 γυμνὸν
1736 1870 1972 1976 βρέφος
1992 1868 2105 1953 ἥγε
2133 1866 2305 1952 φόως
2332 1866 2429 1947 δὲ,

638 2028 659 2038 -
778 1946 902 2034 Τῆς
947 1953 1383 2059 ἀχρημοσύνης
1428 1956 1625 2040 ἄχθος
1672 1978 1825 2040 φερε
1865 1977 1944 2017 κα
1984 1951 2363 2036 τεροθόμως.

608 2028 741 2096 ΚΒ.
771 2032 875 2120 Μὴ
916 2061 1177 2121 τρεσσῃς
1219 2040 1325 2121 τὴν
1365 2045 1527 2124 κῆρα
1557 2041 1690 2126 βίου
1718 2039 1911 2122 πέρας
1930 1977 2188 2141 ἔσχατον
2213 2034 2428 2097 οὖσαν.

759 2116 972 2191 ’Ὀστις
1013 2127 1174 2206 κῆρα
1217 2123 1480 2200 δέδοικε,
1527 2126 1629 2187 καὶ
1671 2124 1703 2188 ὃ
1749 2128 1827 2209 ζῇ
1867 2127 2011 2185 τοῦτ
2064 2120 2429 2205 ἀποβάλλει.

608 2198 735 2264 ΚΓ.
774 2200 861 2267 Εἴ
896 2229 948 2268 τι
988 2208 1206 2269 παθὼν
1251 2208 1371 2271 ἀπὸ
1417 2214 1524 2271 σεῦ
1570 2208 1804 2291 ἀγαθόν
1830 2231 1916 2276 τις
1948 2207 2030 2290 μὴ
2059 2207 2235 2291 χάριν
2272 2202 2432 2279 οἶδε,

780 2286 886 2373 Μὴ
929 2291 1146 2355 τούτου
1199 2291 1471 2378 μέμφοιο
1521 2293 1689 2368 θεὸν,
1738 2294 1805 2356 σὲ
1845 2294 1915 2356 δὲ
1957 2296 2119 2354 τῖσον
2168 2286 2411 2353 ἑαυτόν.

608 2367 738 2434 ΚΔ.
769 2369 978 2458 Ὄφρα
1001 2376 1082 2459 μὴ
1107 2377 1359 2461 ἐλλείπῃ
1383 2379 1444 2440 τί
1465 2379 1838 2463 σε,χρήμασι
1867 2374 2249 2463 φειδομένως
2271 2377 2431 2458 χρῶ,

776 2455 864 2519 X'
913 2463 997 2526 ὥς
1026 2468 1219 2545 τηρῇς
1257 2462 1330 2524 τὰ
1376 2462 1613 2539 ἐνόντα,
1662 2466 1856 2525 λιπεῖν
1905 2463 2009 2524 ἀεί
2046 2484 2101 2523 τι
2148 2458 2382 2541 νόμιζε.

608 2535 742 2601 ΚΕ.
764 2536 938 2604 (Ὀττι
961 2543 1110 2628 δύνῃ
1143 2553 1430 2653 παραχρῆ
1441 2570 1526 2629 μα
1542 2546 1750 2630 δόμεν,
1763 2547 1905 2610 τόδε
1922 2547 2003 2629 μὴ
2020 2547 2108 2613 δὶς
2128 2543 2432 2626 ὑπόσχου,

778 2622 882 2708 Μὴ
927 2628 1251 2699 κενόδοξος
1294 2654 1402 2715 εῃς
1444 2631 1681 2694 ἐθέλων
1723 2629 2042 2716 φιλότιμος
2085 2626 2350 2690 ἀκούειν.

608 2703 726 2774 Κς.
777 2705 897 2772 Τόν
931 2734 1025 2775 σοι
1047 2715 1287 2777 πλαστὰ
1303 2719 1610 2778 λαλοῦντα
1637 2717 1739 2779 καὶ
1765 2715 1838 2778 οὔ
1869 2737 1964 2777 σοι
1984 2711 2429 2798 κηρόθιπιστὸν

768 2790 1042 2877 Ἔμποιλι
1069 2804 1256 2882 μιμοῦ
1283 2801 1384 2862 καὶ
1405 2800 1499 2862 σύ.
1539 2801 1706 2884 δόλῳ
1738 2799 1922 2867 δόλος
1945 2800 2070 2861 ὧδε
2099 2799 2430 2881 κρατεῖται.

609 2871 739 2937 ΚΖ.
778 2876 1036 2963 Ἀνέρας
1080 2883 1400 2965 αἱμυλίους
1433 2886 1535 2948 καὶ
1577 2884 2036 2970 χρηστολόγους
2062 2883 2143 2966 μὴ
2175 2880 2431 2943 ἐπαίνει.

776 2958 856 3025 Ἡ
901 2964 1102 3049 σύριγξ
1145 2967 1277 3049 λιγὺ
1327 2967 1565 3050 μέλπει,
1609 2969 1880 3038 ὅτ’ἰξεὺς
1924 2967 2110 3052 ὄρνεα
2154 2964 2384 3046 θέλγει.

609 3039 746 3108 ΚΗ.
763 3043 874 3110 Ἢν
925 3052 1252 3119 σοιπαῖδες
1283 3050 1453 3129 ἔωσι,
1468 3055 1570 3117 καὶ
1594 3053 1708 3117 οὐκ
1739 3053 1986 3137 ἄφενος,
2015 3052 2087 3115 σὺ
2122 3052 2191 3114 δὲ
2213 3048 2432 3117 τοόςδε

778 3128 1125 3209 Παιδεόειν,
1169 3134 1247 3196 ἵν’
1293 3133 1518 3221 ἔχωσιν
1567 3139 1857 3222 ἀκλ’ριον
1902 3137 2071 3221 ἦμαρ
2116 3136 2430 3198 ἀλαλκεῖν.

609 3208 741 3275 ΚΘ.
783 3211 830 3277 Τ
836 3217 1084 3286 οὐτελὲς
1127 3217 1386 3302 ἔντιμον,
1431 3224 1500 3285 τὸ
1545 3223 1614 3284 δὲ
1662 3163 1855 3304 τίμιον
1902 3221 2148 3289 εὐτελὲς
2186 3221 2364 3301 ἡγοῦ.

782 3298 995 3371 Οῦτως
1038 3304 1109 3365 οὐ
1153 3304 1396 3387 φαίνοιο
1447 3307 1837 3387 φιλάργυρος,
1879 3305 2027 3368 οὐδὲ
2069 3305 2140 3367 σὺ
2168 3302 2387 3387 κίμβιξ·

614 3381 678 3439 ἡ.
778 3382 874 3467 RH*
934 3387 1102 3471 ῥέξεν
1146 3391 1198 3451 τὶ
1255 3387 1411 3451 :imae
1463 3387 1807 3471 εἰθισμένος
1855 3391 1979 3451 ἐπὶ
2024 3391 2306 3459 κακίζειν.

782 3471 1046 3555 Αἰτχρῇν
1070 3475 1355 3559 ὑφηγητῇ
1383 3475 1435 3535 *Τι’
1463 3475 1551 3535 Εἶτ’
1583 3475 1899 3559 ἐλέγχεται
1919 3475 2101 3539 αὐτὸς
2123 3471 2433 3556 ἁμαρτών.

614 3547 738 3611 ΛΑ.
774 3551 1038 3639 Αἴτησαι
1074 3559 1142 3623 τὸ
1186 3555 1423 3636 δίκαιον
1467 3559 1599 3635 ἐὸν,
1643 3559 1711 3619 τό
1755 3579 1823 3619 τε
1863 3555 2039 3639 καλιῇ
2087 3555 2304 3624 ἐοικός.

774 3635 1034 3711 Αίτίζειν
1076 3643 1154 3731 ζ
1190 3646 1226 3708 ’,
1287 3679 1291 3687 -
1603 3639 2227 3791 τ’·ἀνρνασθαιθὲμις
2248 3639 2433 3703 ἐστίν.

1575 3765 1622 3772 ”’
1673 3775 1674 3778 ’
1769 3763 1803 3811 ’.Ι

610 3719 738 3787 ffl-
774 3715 882 3807 Μὴ
1218 3716 1222 3725 ’
1547 3740 1570 3747 “
1624 3791 1627 3798 ,
1672 3743 1675 3744 ’
1807 3727 2039 3791 uanam
2079 3723 2342 3809 ἑταίρου.
