2884 4650
582 493 733 589 Q

197 656 320 715 Rabere
341 664 442 714 mente
463 667 592 736 ceptum,

197 741 364 804 Lusciniae
385 742 467 801 ilicet

197 827 409 886 Lamentabile

104 921 105 924 ’
198 911 332 971 Carmen
353 911 509 971 volitantis

197 996 274 1056 Non
293 997 347 1054 illa
369 997 504 1056 occinet:

197 1085 258 1142 Ast
277 1082 439 1140 luctificum
460 1082 623 1159 integrabit
667 1145 672 1154 ¹

197 1168 339 1226 Lessum.
360 1174 483 1243 pectora
502 1166 613 1244 palmis

199 1254 283 1311 Atria
303 1259 395 1311 tonsa
415 1253 580 1311 sonabunt:

198 1338 402 1412 Insanamque
425 1355 533 1396 manus

199 1421 323 1482 Comum
339 1422 524 1482 lacerabunt.
762 1480 764 1484 .

467 1507 495 1565 2.
518 1507 711 1585 Antistroplru
733 1518 851 1576 XIIII.

197 1592 375 1650 Praestaret
395 1592 559 1650 extinctum

197 1675 301 1750 Hune,
326 1695 414 1748 quem
437 1677 600 1750 efferarien

198 1763 263 1823 Ubi
283 1769 410 1840 paterno
433 1781 485 1818 an-

198 1849 325 1908 -tistans
348 1847 484 1906 celebres
501 1848 636 1908 Achivos

199 1932 332 2007 Genera,
354 1939 384 1990 et
403 1932 515 2008 inclyto
539 1940 617 2005 ortu,

199 2018 330 2096 Cognita
349 2036 412 2076 non
430 2023 514 2074 tenet

200 2103 243 2165 Se
263 2105 344 2162 intra
365 2108 452 2177 septa
476 2100 541 2158 ani·

198 2190 266 2262 -mi‚
289 2197 338 2248 ast
360 2187 463 2245 exulat
485 2195 579 2247 extra.

198 2275 313 2340 Infelix
332 2280 429 2351 pater,

198 2362 272 2419 Heu
293 2360 394 2435 qualia
416 2366 446 2416 et
467 2357 573 2416 audies
594 2365 627 2415 tu

199 2445 371 2504 Infortunia
385 2443 463 2503 nati:

200 2530 287 2605 Quae
305 2531 433 2588 antehac
451 2528 650 2587 Aeacidarum
759 2581 761 2584 .

199 2619 296 2678 Aetas
316 2636 374 2674 non
400 2614 510 2672 tulerat

202 2702 332 2777 Quidem
354 2700 429 2771 ulla,
448 2698 509 2757 nisi
527 2699 595 2757 ista.

530 2867 629 2927 Actus
655 2866 789 2929 Tertius.

201 2955 251 3014 Αἱ.
292 2955 404 3014 Omnia
423 2952 546 3011 reflexis
569 2950 737 3011 seculorum
760 2953 945 3012 anfractibus
1004 2969 1007 2976 ·
1115 2950 1168 3004 646

203 3039 333 3101 Occulta
355 3047 474 3116 tempus
498 3037 607 3113 aperit,
631 3045 661 3093 et
683 3047 788 3116 aperta
809 3039 928 3097 occulit.

197 3124 289 3203 'Nihil
312 3133 361 3185 est
381 3142 476 3201 supra
497 3142 592 3199 spem.
614 3129 748 3201 tempore
768 3124 857 3183 etiam
883 3132 1046 3183 contumax

201 3210 409 3287 Deprenditur
431 3227 528 3281 mens,
549 3204 657 3282 iusque
676 3209 834 3267 iurandum
854 3209 947 3269 Iovis.

201 3296 270 3373 Ego
292 3295 444 3371 pervicaci
464 3300 576 3365 mente,
599 3293 793 3367 inexorabili,
1116 3286 1170 3339 ⁶5⁰

203 3380 313 3456 Qualis
334 3380 457 3457 rigescit
480 3380 555 3437 dura
575 3378 647 3437 ferri
669 3380 751 3442 acies
774 3396 863 3453 aqua,

203 3465 381 3525 Demulctus
403 3465 492 3525 huius
518 3483 571 3523 ore
591 3482 666 3523 sum.
688 3464 818 3524 inimicia
838 3481 905 3519 eam

202 3551 356 3625 Linquere
376 3551 532 3609 misertum
554 3550 753 3622 ostridam,
776 3556 807 3606 et
826 3548 932 3606 orbum
951 3546 1055 3605 filiurn.

204 3634 267 3697 Sed
290 3636 329 3693 ad
349 3636 471 3694 lavacra
494 3644 524 3695 et
544 3643 634 3711 prata
651 3634 785 3694 litoralia
870 3632 873 3636 ’

203 3722 260 3795 Εο,
281 3729 314 3779 ut
335 3722 476 3799 expiatus
497 3720 613 3780 februis
635 3718 814 3779 lustralibus
1117 3711 1170 3769 655
