2884 4650
729 542 879 637 Q

350 710 481 787 Opimos
503 710 604 788 gladio
630 729 739 788 greges

347 795 493 872 Impedit,
515 812 699 874 gregumque
720 796 822 854 duces.

290 879 291 882 ’
349 880 420 939 Teo.
465 881 515 939 Me
536 881 692 939 miseram:
713 899 818 940 amens
839 879 911 938 inde
930 882 1001 940 inde
1025 883 1101 941 foris

349 964 477 1042 Captiva
495 985 586 1023 manu
606 966 701 1024 traxit
726 984 851 1042 pascua.

346 1051 469 1109 Partem
494 1052 526 1109 in
545 1050 626 1109 nuda
645 1051 793 1128 iugulavit
817 1051 916 1108 humo.
982 1072 983 1077 ¹

346 1136 470 1196 Partem
496 1134 627 1193 mediam
648 1137 727 1194 male
748 1135 903 1194 dissecuit.

346 1221 417 1282 Duo
438 1220 567 1299 lanigeri
585 1212 729 1296 droeeres
750 1221 883 1296 pecoris,

347 1307 438 1364 Illum
462 1306 570 1382 eapite,
594 1312 624 1362 et
643 1305 748 1384 lingna
769 1313 898 1362 truncat.

347 1391 438 1450 Hune
459 1389 595 1450 destituit
616 1399 731 1449 rentum
754 1390 792 1447 ad
812 1390 905 1448 medii

349 1475 498 1536 Columen
519 1474 600 1532 teeti.

347 1562 388 1619 Et
409 1560 474 1618 fera
496 1577 645 1634 quassans
667 1558 804 1630 vulnere,
826 1558 887 1617 lori
997 1582 1000 1591 ¹

350 1644 466 1706 Saevus
487 1645 608 1702 habena
631 1644 755 1701 mulctat
775 1644 887 1719 equini.

348 1733 447 1804 Atque
470 1729 616 1808 oggannit
637 1749 700 1788 non
721 1731 804 1787 bone
825 1728 915 1802 diota,

349 1813 422 1873 Non
442 1815 615 1874 humanitus
638 1833 675 1870 ea
694 1814 811 1872 doetus.

658 1898 847 1975 Antietropbe
869 1898 949 1956 XII.

349 1983 405 2044 ch.
449 1984 515 2041 Iam
537 1992 657 2061 tempus
680 1985 834 2042 obnubere
856 1991 904 2042 est
922 2001 972 2040 ea·

350 2077 428 2146 -put‚
449 2070 553 2127 timide
573 2077 602 2127 et
623 2087 754 2144 propero

348 2155 465 2232 Fugam
485 2173 594 2231 parare
613 2154 703 2212 furto.

350 2238 599 2316 Oumieulumque
623 2238 673 2296 eiti

348 2326 434 2383 Leue
455 2323 577 2402 remigii
598 2324 644 2382 in-

350 2410 521 2483 -soendere‚
543 2428 599 2468 nee
620 2426 747 2486 parcere
768 2408 853 2464 navis

350 2496 466 2555 Tantas
487 2496 598 2567 minas,
620 2502 724 2569 totque
743 2493 881 2551 volutant

330 2581 496 2645 ,Proeeres
519 2580 644 2639 Atridae

348 2664 461 2723 Duoea
485 2663 650 2741 Saxipetas
673 2682 743 2720 nam

349 2749 460 2825 Populi
480 2770 587 2808 vereor

350 2836 471 2906 Manus,
491 2853 551 2891 neu
569 2853 635 2892 eum
655 2852 691 2892 eo
713 2832 745 2889 in
767 2831 856 2889 malis

349 2919 410 2979 His
432 2919 550 2977 iacente
573 2918 760 2976 condoleam.

351 3004 425 3063 Teo.
464 3004 589 3061 Minime
609 3022 691 3061 vero.
717 3018 837 3076 nanque
861 2998 976 3058 silescit

350 3089 403 3163 Ut,
424 3108 484 3147 non
506 3088 669 3148 vehemens
688 3087 739 3161 qui
760 3086 853 3158 venit,
876 3088 997 3143 Auster.

351 3174 431 3247 Quin
452 3193 529 3232 nova
550 3191 672 3247 compos
693 3171 820 3229 vulnere
838 3170 939 3229 sentit.

282 3260 332 3315 260
348 3259 429 3318 Nem
450 3278 506 3319 sua
527 3258 585 3317 sibi
608 3276 674 3315 eum
696 3256 764 3330 quis
787 3255 869 3313 mala
889 3260 1016 3332 spectet,

347 3344 388 3403 Et
410 3345 509 3403 socius
528 3344 564 3402 in
589 3344 633 3402 eis
653 3360 742 3399 nemo
762 3340 888 3412 aceedit,

347 3428 394 3487 Ea
415 3429 518 3507 magni
543 3435 591 3487 est
617 3444 729 3486 caussa
753 3425 880 3484 doloris.

350 3510 405 3571 Oh.
451 3513 613 3571 Hominem
634 3514 756 3571 beatum
779 3511 806 3569 si
828 3509 908 3568 malo
929 3506 1109 3585 defungitur.

349 3598 484 3655 Absente
506 3599 610 3659 morbo
632 3618 701 3656 nam
720 3596 881 3654 remittitur
900 3601 1008 3651 metus.

282 3686 332 3741 ‘265
350 3682 423 3740 Teo.
467 3682 584 3741 Harum
603 3683 739 3760 placeret
756 3689 824 3739 utra
844 3678 976 3738 conditio
995 3676 1111 3753 magis:

351 3765 427 3826 Oum
449 3784 504 3843 per
526 3778 556 3826 te
577 3769 682 3827 amieis
706 3775 753 3826 est
774 3764 864 3838 male,
887 3781 957 3823 esse
977 3762 1033 3821 tibi
1049 3762 1139 3832 bene,
