2884 4650
774 606 815 664 20

340 772 472 831 Pertusa
493 773 562 831 fuco
586 793 662 848 quos
685 775 809 833 adulant
831 776 961 848 nomina,
1016 795 1019 798 ·

340 858 424 933 Quos
446 858 516 915 lena
537 859 620 916 inani
640 859 725 917 fama
749 861 851 918 titillat
873 881 955 920 sono.
1067 934 1069 937 Ι

253 975 257 984 ,
342 941 500 1002 Confectus
522 944 715 1015 hostis‚,non
737 946 904 1022 triumphus
927 963 981 1003 nos
1003 946 1095 1003 iuvat.

340 1028 470 1104 Quidam
494 1027 640 1089 Sabinum
654 1031 830 1106 ¹perculisse
853 1031 941 1088 ludus
964 1039 1024 1089 est:
1130 1096 1133 1101 ,

340 1111 434 1171 Nulla
455 1122 501 1172 est
523 1112 668 1173 Sabinum
691 1116 856 1191 praeterire
879 1115 981 1192 gloria.
1011 1159 1014 1163 .
1058 1136 1062 1153 ²

567 1282 614 1339 14.
654 1283 702 1340 Dc
720 1285 786 1341 stilo
808 1293 836 1340 ct
856 1285 1027 1343 charactere.

341 1366 563 1427 Sententiarum
587 1386 678 1442 quum
698 1368 837 1444 supellex
858 1368 941 1426 lauta
961 1369 1010 1441 sit,

342 1451 495 1512 Sermonis
517 1453 625 1528 ingens
645 1453 685 1510 sit
704 1453 790 1529 politi
811 1454 898 1529 copia

340 1537 442 1596 Penes
464 1537 603 1609 Latinos,
627 1556 704 1613 quos
726 1545 860 1596 vetustas
885 1557 978 1596 aurea

342 1620 432 1680 Cetos
454 1623 612 1700 magistros
636 1623 824 1699 eloquentiae
846 1623 965 1701 extulit,

342 1708 474 1782 Quorum
499 1726 514 1764 e
537 1708 682 1767 scatebris
704 1708 900 1765 hauriendum
922 1708 962 1766 sit
982 1707 1037 1764 tibi

340 1792 509 1850 Verborum
529 1811 666 1864 acumen,
688 1793 859 1854 disserendi
881 1793 1064 1850 amoenitas:

342 1877 422 1951 Quid
445 1883 501 1950 est,
526 1878 668 1953 loquendi
689 1878 768 1954 quod
788 1898 899 1936 novum
922 1878 1041 1936 modum
1064 1895 1100 1934 ac
1119 1895 1215 1954 genus

340 1962 452 2020 Inoude
473 1962 562 2022 toties
582 1963 714 2022 fabricas
738 1972 791 2020 tua
809 1963 887 2021 tibi?

339 2047 453 2105 Rerum
476 2049 621 2126 magister
637 2056 667 2106 et
688 2057 834 2124 tyrannus
855 2047 987 2106 omnium

341 2131 498 2192 Sermonis
520 2153 593 2192 usus
617 2134 727 2192 artifex
748 2133 901 2190 vernaculi
927 2141 984 2205 est,

341 2218 401 2292 Qui
422 2225 465 2274 tot
485 2217 637 2292 loquelae,
660 2224 734 2292 quot
752 2237 835 2290 suas,
855 2225 936 2275 rotat
954 2218 1046 2276 vices.

329 2305 380 2361 ,At
402 2302 543 2361 dictionis
568 2303 745 2380 splendidae
766 2303 906 2380 peritiam

341 2388 439 2447 Latiis
461 2387 603 2446 librorum
625 2389 777 2447 conditam
798 2389 829 2446 in
852 2388 993 2447 sacrariis

340 2471 413 2530 Non
438 2473 536 2531 sancit
556 2492 640 2547 usus,
663 2474 717 2532 sed
740 2481 859 2533 vetusta
884 2473 1044 2532 auctoritas

339 2556 445 2614 Virum
467 2558 594 2617 Latinae
615 2560 786 2637 principum
808 2559 1008 2634 eloquentiae.

341 2641 401 2701 Sed
425 2642 558 2703 insolens
582 2645 660 2702 bunc
672 2644 787 2702 rancidi
798 2646 873 2703 situs
893 2663 992 2720 sapor,
1035 2643 1207 2719 [Palmcn'uc
1225 2641 1249 2717 2]

341 2728 415 2786 Utut
426 2727 575 2803 loquatur,
586 2729 769 2787 invidentem
785 2729 924 2805 intelligi,
947 2728 1059 2803 [Scncc.
1066 2748 1129 2803 epp.
1141 2726 1209 2799 114,
1218 2727 1250 2801 l]

341 2812 561 2888 Morositasque
583 2815 682 2890 pascit
704 2815 804 2873 insani
824 2814 900 2885 stili,

340 2897 490 2955 Promens
514 2899 552 2955 ab
574 2899 635 2955 ima
656 2900 749 2956 verba
770 2916 860 2955 casca
883 2898 1007 2975 origiue,

341 2982 401 3039 Vix
422 2981 471 3039 vel
490 2981 633 3060 Cethegis
655 3002 750 3060 gnara
770 2982 910 3041 cinctutis
931 2983 1026 3059 prius.

341 3068 489 3126 Diversus
510 3068 587 3125 alius
607 3068 687 3125 bivio
708 3068 823 3133 abhoc
842 3070 966 3127 flectens
987 3068 1054 3138 iter,

340 3153 490 3211 inusitata
511 3153 581 3210 dum
603 3153 698 3225 timet,
724 3152 828 3211 sordes
852 3162 941 3211 amat.
1098 3150 1181 3225 [ibid.
1198 3150 1249 3224 13]

340 3242 381 3296 At
403 3237 456 3295 ille
479 3245 560 3296 totus
585 3237 687 3313 pellis,
709 3245 739 3295 et
759 3245 841 3296 totus
864 3257 989 3308 macron

340 3325 443 3380 Arena
463 3324 576 3381 calcem
598 3342 659 3380 non
685 3323 812 3395 habens,
834 3342 932 3400 nugae
954 3338 1065 3393 merae,
1116 3318 1249 3395 [Sueten.

341 3407 492 3466 Inanitate
515 3409 634 3484 plenus,
660 3416 690 3465 et
712 3415 796 3465 satur
816 3408 896 3466 fame
1093 3403 1249 3482 Cariaca]

341 3491 449 3548 leiuna
471 3496 563 3552 verba
584 3494 674 3551 tinnit
693 3492 768 3550 exili
793 3511 874 3550 sono.

341 3576 478 3634 Pruritus
496 3578 587 3636 alium
608 3578 705 3655 tangit
725 3577 838 3635 urticae
860 3594 969 3648 novae,

341 3661 481 3718 Licenter
500 3664 599 3723 audax
623 3670 653 3721 ct
669 3661 776 3741 procul
798 3663 926 3720 tralatio.

342 3745 473 3821 Teporis
494 3746 546 3804 ille
568 3756 597 3805 et
618 3746 806 3806 lentitudinis
828 3755 908 3804 metu

342 3831 503 3891 Profundit
523 3850 592 3890 acer
614 3835 756 3892 entheato
779 3831 885 3909 spiritu
