2884 4650
732 559 792 620 15²

303 727 382 794 Βίου
405 724 579 788 παλαισταί.
599 723 700 794 Λυδὸς
722 723 753 786 ἐν
778 720 961 807 μεσημβρίᾳ.
995 750 998 753 ·

303 810 484 896 Βομβυλίας
506 807 687 892 ἄνθρωπος.
702 807 828 892 Ἀργεία
849 806 941 890 φορά.

304 893 582 982 Βορβοροτάραέις.
598 889 705 978 ἘΕεχ’
728 893 753 957 ὦ
778 891 842 977 φιλ’
867 891 946 973 ἥλιε.

304 979 462 1045 Βόσκουσι
484 979 622 1063 φυγάδας
643 977 774 1046 ἐλπίδες.
797 973 895 1062 Νιόβη
918 973 1014 1057 πάθη.

304 1062 427 1132 Βουνᾶς
451 1063 575 1133 δικάζει.
598 1059 651 1145 Μὴ
674 1061 786 1143 λόγους
808 1059 1046 1142 ἄντ’,ἀλφίτωκ

304 1148 389 1218 Βοῦς
411 1148 553 1234 ἕβδομος.
578 1147 674 1209 Λάλει
694 1147 741 1222 δὲ,
760 1147 812 1210 καὶ
834 1146 875 1229 μὴ
897 1143 1032 1226 θίγγανε.

304 1231 392 1302 Βοῦς
415 1235 458 1301 εἰς
479 1231 605 1315 ἄμητον.
630 1229 786 1314 Ψηλαφηῖν
811 1231 843 1293 ἐν
867 1231 911 1313 τῷ
933 1227 1043 1312 σκότῳ.

304 1316 391 1401 Γαλῆ
410 1312 576 1401 κροκωτόν.
593 1315 748 1399 Ἀφθονοι
768 1314 905 1400 Μουσῶν
929 1311 1031 1396 θύραι.

304 1401 447 1470 Γάλλους
468 1401 498 1463 τί
516 1400 653 1483 τέμνεις;
675 1397 843 1484 Κανθάρου
868 1397 1060 1482 σοφώτερος.

305 1485 420 1550 Γείτων
442 1483 607 1553 Μυκόνιος.
629 1483 683 1567 Μὴ
705 1484 818 1569 πρδςέ
844 1485 858 1547 ὲ
878 1482 917 1545 τά
940 1481 1073 1544 ποικίλα.

305 1569 414 1638 Γέλως
434 1567 616 1653 Μεγαρικός.
645 1565 691 1633 Ού
714 1567 890 1653 ποτ”ισχεν
912 1567 931 1648 ἡ
954 1565 1046 1651 θύρα.
1080 1625 1084 1630 ,

305 1654 436 1739 Γέραιρε
462 1652 583 1717 σαυτόν.
610 1651 720 1736 Τυρίον
745 1653 962 1738 Ξενοκράτους.
1002 1727 1004 1730 v

305 1737 466 1823 Γερόντων
489 1743 640 1803 στυπεῖον.
665 1734 831 1806 Οἰδίποδος
852 1738 922 1822 σἰρά.
959 1769 960 1776 ¹

305 1822 427 1887 Γλαῦκ’
453 1825 496 1892 εἰς
518 1822 662 1907 Ἀθήνας.
675 1819 727 1892 Ἐξ
751 1824 819 1891 ἑνὸς
839 1821 876 1885 τόι
893 1817 990 1888 ,πάνθ’
1014 1822 1096 1904 ὁρᾷς.
1157 1857 1159 1860 v

306 1906 406 1972 Γλυκύ
433 1908 503 1991 μέλι
522 1909 573 1971 καὶ
591 1908 667 1977 πνίΕ.
688 1906 771 1971 Ἀντὶ
790 1907 829 1970 πέ
849 1929 905 1990 κης
925 1905 1078 1988 σκορπίον.

305 1986 455 2077 Γραμμὴν
480 1993 533 2056 ἐπ’
558 1992 654 2077 άκραν
681 1993 804 2075 ’κομεκ
828 1929 935 2060 Καλὸς
955 1988 1068 2053 πίθων.

306 2075 499 2161 Γυμνύτερος
523 2077 648 2161 ὑπέρου.
671 2016 755 2144 Βοῦς
777 2077 808 2139 ἐν
833 2075 931 2162 αὐλίῳ
953 2073 1048 2158 κάθη.

305 2159 455 2230 Γυναικός
475 2161 615 2245 ὄλεθρος.
637 2161 662 2224 Γ
664 2161 831 2245 υμνότερος
850 2159 1004 2244 Ἰαλέμου.

306 2245 604 2332 Δεινότεραιπάσχει
628 2245 797 2331 Σαμβίκου.
819 2244 945 2331 Πλήρης
966 2243 1065 2312 πίθος.

306 2333 413 2395 Δεῖται
436 2332 573 2416 σελίνων.
596 2330 713 2415 Μικρὸν
737 2331 851 2481 ὀβόλου
874 2331 982 2414 τίμιον.

307 2418 459 2500 Δελφῖνος
480 2417 511 2479 ἐν
534 2416 640 2501 χέρσῳ
663 2416 724 2501 βία.
773 2416 983 2500 φενδάμνινος.

307 2502 396 2585 Δερῦν
422 2502 455 2564 σὲ
478 2501 614 2565 θύλακον
638 2505 763 2584 κλοπῆς.
792 2498 846 2569 Εἰς
869 2501 984 2587 ὀλβίαν.

307 2586 361 2653 Δὶς
381 2588 491 2654 παῖδες
513 2587 542 2647 οἱ
563 2585 712 2670 γέροντες.
732 2585 826 2670 Ὑπὲρ
848 2584 920 2648 όνου
944 2585 1039 2649 σκιάς.

297 2670 332 2733 A
353 2674 455 2754 αχμῆς
477 2672 609 2755 χάλαζα.
631 2668 743 2734 Κανθά
763 2694 799 2733 ου
825 2671 1018 2754 μελάντερος.

340 2776 439 2836 γνωκε
462 2754 500 2838 δὴ
522 2756 582 2838 θῆρ
603 2756 696 2838 θῆρα.
720 2694 834 2819 [ίοεττὸν
858 2754 1016 2817 άνατίθου.

305 2836 360 2907 Εἰς
383 2837 489 2922 αῦριον
512 2841 675 2902 σπουδαῖα.
699 2836 901 2907 Βαθυκλέους
922 2836 1016 2907 κύλιξ.

305 2920 360 2991 Εἰς
379 2919 433 2991 οῦς
452 2922 561 3003 λέγειν.
588 2920 733 3007 Ζήνωνος
754 2921 999 3010 ἐγκρατέστερος.

305 3004 361 3075 Εἰς
380 3008 433 3091 τὴν
458 3008 587 3090 σελήνην
611 3008 808 3073 ίΑκεσιλάου.
830 3007 892 3078 Λὰξ
912 3010 1027 3071 πατεῖν.

305 3089 360 3156 Ἐκ
380 3090 533 3175 γεύματος
553 3093 656 3176 γνοίης
679 3091 725 3155 άν.
744 3092 923 3177 Ἀθύρωιον
948 3090 1055 3174 στόμα.

305 3174 361 3240 Ἐκ
382 3181 435 3261 τῆς
457 3174 612 3261 φαρέτρης
632 3176 745 3260 ἡμέρα.
764 3175 811 3240 Τὰ
832 3176 1005 3242 Καννάκοο.

303 3258 360 3324 Ἐκ
381 3267 441 3325 τῶν
464 3258 586 3369 ὀνύγηων
606 3261 726 3324 λέοντα.
748 3258 918 3347 Κουρήτων
943 3261 1052 3344 στόμα.
1096 3322 1097 3330 ,

304 3342 494 3431 Ἐλέφαντος
514 3346 605 3409 ουδὲν
628 3344 795 3430 διαφέρεις.
821 3344 950 3410 Δούλων
973 3345 1071 3415 πόλις.

246 3431 250 3443 ’
297 3424 424 3493 Ἕλκειν
449 3429 632 3515 σκαπέρδαν.
653 3427 707 3493 Ἐκ
733 3432 836 3581 τριχός
857 3431 1048 3515 κρεμάμεθα.

302 3509 358 3575 Ἐν
382 3512 464 3600 Καρὶ
486 3518 537 3579 τὸν
559 3516 708 3579 κίνδυνον.
729 3515 735 3540 ’
770 3514 881 3599 ρνιθων
904 3518 995 3599 γάλα.

302 3594 356 3660 Ἔν
378 3600 452 3682 πυρὶ
468 3599 611 3684 βέβηκας.
632 3598 865 3684 Μορμολόττειν
891 3602 996 3685 ἀσκίῳ.

304 3679 393 3746 Ἔνθ’
417 3683 446 3743 οἱ
467 3684 561 3753 πόδες
583 3684 728 3771 φέρωσιν.
751 3682 804 3753 Εἰς
823 3684 906 3770 ύδωρ
928 3686 1066 3771 γράφειν.

301 3763 383 3835 ἜΕω
407 3765 517 3851 βέλους
538 3771 670 3854 κάθησο.
691 3766 850 3834 Ταντάλου
872 3769 968 3839 λίθος.
