2884 4650
788 539 828 600 26

398 705 511 764 Iudicio
533 715 632 764 tamen
657 715 704 764 est
725 708 865 767 concolor
884 707 938 766 illa
957 708 1021 767 tibi.

426 875 475 933 22.
519 878 556 934 In
579 877 691 934 Tarum
713 880 845 954 operibus
868 879 964 935 triduo
986 886 1192 952 appropriatam.

714 973 758 1020 le
776 983 899 1036 tempore.

355 1037 587 1116 Quadrupedem
611 1041 679 1099 dum
706 1062 816 1120 magna
838 1061 960 1118 operum
983 1043 1013 1100 vi
1030 1043 1190 1120 cingimus,
1208 1043 1262 1101 illa

398 1123 553 1184 Secretum
576 1127 674 1185 caecis
698 1127 826 1186 callibus
848 1128 910 1205 egit
927 1128 993 1184 iter.

300 1215 301 1226 ¹
355 1209 459 1266 Tertia
484 1209 539 1267 lux
563 1211 671 1290 agitur,
693 1221 857 1289 postquam
879 1212 1032 1270 molimine
1053 1220 1135 1270 tanto

396 1294 552 1370 Inceptum
574 1295 685 1354 frustra
705 1297 875 1354 ludificatur
893 1315 979 1373 opus.

356 1373 402 1437 Sit
424 1380 508 1436 vobis
531 1398 570 1436 ex
593 1381 691 1454 hoste,
716 1376 783 1454 uiri,
806 1382 930 1440 victoria
951 1390 1049 1458 capto,

396 1463 477 1523 Dum
500 1463 539 1522 sit
560 1466 588 1522 ei
611 1485 627 1522 e
648 1467 741 1524 lassis
764 1467 858 1543 gloria
879 1474 966 1541 parta
986 1467 1068 1524 viris.

438 1632 488 1690 23.
530 1635 569 1692 In
592 1635 752 1694 Atalantae
772 1646 799 1693 et
819 1636 1014 1711 Hippomenis
1030 1634 1176 1709 fabulam.

353 1717 505 1774 Incertum
527 1719 574 1775 cui
596 1719 646 1777 det
667 1723 803 1778 meritam
824 1720 960 1779 Victoria
981 1718 1121 1794 palmam,

396 1801 477 1875 Quas
500 1804 599 1862 studio
621 1807 732 1864 cursim
754 1825 840 1864 mens
863 1804 944 1880 rapit
963 1823 1024 1861 una
1044 1803 1121 1879 pari.
1347 1846 1349 1897 4

355 1887 503 1946 Omnibus
526 1908 602 1948 unus
625 1909 717 1963 amor,
744 1890 878 1949 sednon
899 1890 988 1947 labor
1007 1890 1147 1947 omnibus
1170 1889 1259 1948 idem.
1348 1908 1349 1917 ¹

394 1971 454 2030 Hic
475 1973 587 2048 praeit;
607 1976 654 2032 hic
675 1977 820 2050 seqnitur,
844 1981 875 2031 et
896 1974 980 2050 cupit
1000 1992 1069 2032 esse
1088 1973 1182 2052 prior.

354 2056 482 2135 Ovirgo
504 2059 620 2132 infelix,
645 2080 734 2135 quam
759 2081 817 2118 non
839 2060 937 2117 vicere
958 2066 1001 2115 tot
1020 2062 1120 2119 uuaml

394 2143 518 2215 infelix,
544 2162 632 2218 quarn
655 2145 739 2204 fraus
762 2144 866 2202 vicerit
887 2162 949 2201 nna
969 2142 1038 2201 viril

354 2224 387 2285 Si
409 2228 438 2285 vi
460 2229 595 2285 certatim
618 2238 647 2286 te
665 2250 727 2287 non
749 2230 848 2287 vicere
868 2236 914 2287 tot
933 2247 1040 2298 unam3

396 2311 453 2385 Qui
475 2313 571 2389 potuit
594 2315 659 2372 sine
683 2315 712 2372 vi
736 2315 866 2387 vincere,
890 2313 989 2391 qualis
1013 2311 1100 2371 erat?

621 2484 670 2542 24.
715 2484 808 2541 Paulo
828 2503 848 2541 a
869 2482 991 2541 Giabice.

352 2566 433 2643 Ergo
458 2567 520 2625 suis
540 2567 655 2627 Paulus
675 2569 769 2627 voluit
787 2588 835 2625 me
855 2569 954 2626 vivere
975 2568 1097 2638 chartis,

397 2650 521 2726 Quoque
544 2653 617 2709 mihi
640 2654 721 2711 fama
746 2662 794 2712 est
814 2654 956 2725 carmine,
979 2652 1041 2710 vita
1062 2651 1133 2709 data
1155 2658 1223 2715 est?

353 2735 480 2795 Debitor
504 2737 573 2793 huic
594 2756 650 2815 ego
675 2758 751 2797 sum.
770 2738 859 2797 Pauli
881 2756 947 2796 sum
968 2756 1083 2813 pauper
1104 2737 1134 2795 in
1157 2762 1238 2801 aere.

395 2819 473 2892 Quid
495 2821 628 2880 faciam?
648 2833 749 2900 gratas
771 2826 861 2883 Musa
882 2822 1013 2898 repende
1034 2821 1125 2880 vices.

352 2906 421 2977 Illa,
439 2905 518 2979 Quid
539 2906 578 2963 ad
600 2916 717 2966 veteres
739 2928 756 2966 o
778 2910 868 2966 stulte
886 2906 1049 2965 revolveris
1072 2916 1163 2984 artes,

393 2992 492 3065 Atque
511 2991 582 3063 tuis,
606 2992 713 3066 inquit,
735 2993 847 3051 viribus
868 2992 968 3069 imper
990 2992 1091 3050 onus?

301 3146 303 3157 Ι
352 3075 449 3150 Quum
469 3075 522 3133 tibi
541 3085 701 3134 vernarent
721 3077 869 3154 Zephyris
891 3077 1076 3152 spirantibus
1097 3099 1200 3153 aurae,

393 3160 433 3218 Et
455 3160 530 3219 felix
553 3160 683 3218 habilem
706 3181 784 3219 vena
804 3164 916 3241 rigaret
937 3163 1069 3232 humum,

351 3246 449 3305 Poma
467 3246 554 3304 ferax
579 3246 654 3303 seris
677 3247 814 3305 miranda
835 3247 997 3324 nepotibus
1020 3247 1107 3307 arbos

392 3331 459 3389 Nec
482 3330 588 3403 semel,
615 3339 666 3388 aut
687 3352 746 3389 uno
768 3332 878 3408 pollice
900 3339 1008 3408 carpta
1029 3331 1133 3391 dabas.

351 3413 441 3473 Nunc
458 3416 571 3475 ramale
593 3424 691 3489 vetus,
713 3418 785 3491 quid
803 3425 924 3495 praeter
948 3416 1084 3475 muscida
1102 3418 1218 3494 possis,

393 3503 455 3558 Aut
476 3502 647 3559 damnanda
668 3501 744 3560 focis
767 3504 851 3561 arida
872 3503 956 3580 ligna
976 3502 1069 3561 dare?

354 3581 495 3643 Carmine
513 3607 575 3645 non
598 3587 743 3644 moriente
767 3606 862 3645 senex
884 3587 935 3663 qui
956 3587 1033 3646 fovit
1053 3588 1179 3659 amicos,

394 3670 490 3745 Inque
511 3672 574 3730 suis
597 3672 694 3732 voluit
715 3691 824 3731 nomen
846 3673 957 3731 habere
978 3673 1077 3745 libris,

352 3754 493 3815 Victuros
516 3758 639 3815 memori
657 3758 757 3833 potuit
778 3776 856 3834 quos
880 3757 999 3816 tradere
1023 3756 1134 3824 saeclo,
