2884 4650
719 574 871 670 jo*

341 739 527 825 Ἀρχιλυχον
550 737 681 806 πατέεις.
706 738 815 802 Πολλὰ
838 739 1004 822 ψεύδονται
1025 736 1138 800 ἀοιδοί.

343 823 495 908 Ἀρχύτου
514 824 665 905 πλαταγή.
688 822 712 886 Γ
713 825 776 906 η’ρογ
798 821 990 906 πόνοςιύψον
1013 819 1148 904 ἄριστον.

337 910 481 973 Ἀσκοιια
503 907 647 977 τοξεύειν.
669 905 759 970 Ἀλλ’
784 907 884 975 οὐδεὶς
905 906 988 989 ἄμμε
1011 907 1125 968 διώκει.

341 992 497 1076 Ἀοτραπὴ
522 992 558 1054 ἐκ
570 992 697 1054 πυέλου.
720 989 811 1054 Κακὰ
828 993 883 1074 μὲν
905 991 1022 1074 θρῖπες,
1042 989 1122 1052 κακὰ
1135 987 1166 1052 δ’
1177 987 1254 1056 ἶπες.

338 1078 492 1160 Ἀτρωτος
516 1073 657 1142 Καινεύς.
676 1073 812 1159 Ἔφυγον
833 1077 937 1147 κακὸν,
960 1074 1049 1160 εὗρον
1075 1073 1214 1156 ἄμεινον.

341 1161 478 1228 Ἀττικὸς
500 1160 532 1222 ἐν
556 1157 665 1242 λιμένι.
686 1157 752 1222 Καί
770 1183 818 1222 σοι
840 1161 938 1244 φιλας,
963 1158 1032 1223 οὐδ’
1048 1158 1118 1241 ἐμοὶ
1130 1156 1255 1242 ἐχθρός.

340 1245 476 1329 Αὐγείου
500 1243 624 1327 κόπρος.
647 1242 794 1307 Χαλεπὸν
840 1245 932 1328 ορίων
955 1245 1031 1308 κύνα
1049 1247 1170 1324 γεῦσαι.

343 1331 427 1412 Αὕτη
448 1332 500 1391 νῦν
524 1329 653 1412 ἀνθεῖΐγ
678 1332 789 1412 μοῦσα.
812 1267 1009 1413 ύύυθωνύμου
1031 1327 1151 1412 αἶσχος.

343 1413 482 1478 Αύτύθεν
504 1410 557 1474 υύν
580 1414 766 1499 κατάβαλλε.
789 1411 832 1475 Σύ
855 1410 972 1498 δ’·ιβου
995 1413 1235 1498 χρυσοχοήσειν.

343 1498 459 1564 Αύτοῖς
478 1498 530 1560 καὶ
551 1495 648 1565 Χίοις.
673 1495 719 1561 Τὰ
741 1498 901 1582 στεμφύλα
922 1500 1020 1561 δεῖται
1038 1496 1155 1559 ἐλαίου.
1241 1519 1244 1530 ·

343 1582 446 1651 Αὐτὸς
468 1579 540 1665 ἔφα.
563 1580 629 1645 Χύτ
650 1605 686 1650 ας
709 1582 921 1646 ἐπιδείκνυται.
941 1582 1042 1666 Ἂρνα
1064 1582 1247 1665 προβάλλει.

343 1668 439 1749 Am]
461 1667 600 1750 ψάλλειν.
624 1605 689 1730 ύύκ
703 1667 802 1750 Ἀρης
823 1665 877 1729 ίδι’
903 1667 984 1730 ύπλα
1005 1665 1140 1729 σαλεύει.

341 1750 467 1835 Ἀφύῦς
489 1751 538 1814 σοὶ
559 1752 722 1834 λελάληκε.
747 1751 931 1836 Δικαιοσύνη
957 1750 1062 1837 μικρύν
1087 1751 1160 1812 ἐστι.

343 1832 522 1920 Ἂχνυμένη
546 1836 689 1918 σκυτάλη.
710 1833 775 1919 Κογν
799 1858 856 1916 μυς
878 1837 956 1920 δακγγ
978 1833 1236 1919 ανδραπονηρύν.

339 1921 436 2006 Ἀχμι
456 1916 561 2004 κύρου.
584 1917 642 1982 Ζεῖ
662 1919 772 2004 χύτρα,
795 1923 835 2002 ζῇ
857 1922 953 2005 φιλία.
977 1920 1199 2004 Θρασύδειλος.

344 2001 441 2069 Βάλλ’
453 2005 496 2072 εἰς
508 2005 665 2085 λατομίας.
687 2001 989 2089 Βάλλέἰςκύρακας.
1013 2004 1131 2072 Γλυκῦς
1142 2004 1255 2086 ἀγκών.

343 2086 444 2153 Βάλλ’
471 2088 618 2171 ἐςύδωρ,
643 2090 659 2151 ὁ
680 2088 784 2156 κακύς.
808 2087 861 2173 Μή
872 2112 924 2172 μοι
940 2089 1020 2173 μέλι,
1029 2091 1105 2172 μήτε
1120 2087 1255 2170 μέλιττα.
1353 2141 1354 2154 .

343 2171 477 2237 Βάλλειν
498 2174 561 2240 τοῖς
581 2175 732 2255 μήλοισιν.
760 2173 1025 2322 Ἀχναμπτύτερος
1048 2174 1142 2260 βάτου
1166 2172 1255 2236 αῦυυ.

344 2255 411 2327 Βάς
432 2255 484 2319 ἐπ’
509 2256 611 2341 ἄκρων
635 2257 766 2343 ὀνύχων.
821 2258 903 2327 ύῦεὶς
922 2260 1011 2344 φιλας
1031 2258 1122 2321 οῦδὲν
1142 2256 1255 2343 ἔχοντι.

344 2339 432 2427 Βῇτα
452 2346 567 2426 σοφῶν.
592 2340 696 2411 Αύτὸς
714 2343 771 2427 γὰρ
796 2343 959 2424 ἐφέλκεται
986 2344 1083 2428 ἄνδρα
1108 2344 1244 2426 σίδηρος.

344 2429 496 2495 Βοιωτοῖς
512 2428 674 2508 μαντεύυυ.
695 2427 854 2513 Ἀδελφὸς
876 2428 909 2491 δ’
933 2429 1020 2511 ἀνδρὶ
1042 2429 1167 2512 παρείη.

345 2512 488 2595 Βολβοῦς
507 2515 641 2594 ζητοῦσι.
665 2510 762 2575 Ταῦτ’
792 2510 828 2575 ού
851 2514 944 2583 κακὸς
965 2514 1080 2575 εἴσεται
1103 2512 1217 2581 οὐδείς.

345 2596 505 2680 Βύρβορος
524 2596 557 2658 ἐκ
580 2596 719 2680 τριόδων.
741 2596 942 2666 Ἂσπένδειος
963 2598 1149 2682 κιθαριστής.

343 2680 455 2747 Βῶλος
467 2679 596 2764 ἄρουρα.
619 2679 720 2763 ΙΙάρες
731 2685 781 2747 τὸν
799 2684 911 2766 μάντιν.
934 2678 1003 2745 Ἐπὶ
1015 2684 1134 2766 κνάφου
1145 2681 1255 2751 ἕλκεις.

343 2763 548 2847 Βωμυλύχος.
571 2763 804 2850 Τρεχέδειπνος.
822 2765 902 2852 Ἔβα
910 2768 962 2830 καὶ
974 2771 1030 2829 ταῦ
1052 2789 1086 2835 ος
1100 2764 1154 2828 ἀν’
1169 2767 1255 2830 ῦλαν.
1351 2804 1352 2831 ;

344 2848 493 2929 Γεννητὸς
510 2852 645 2931 γεγονὼς
663 2852 748 2935 τήρει
769 2853 821 2935 τὴν
844 2852 934 2921 τάξιν.
956 2790 1116 2935 Ἀριύμύς.

344 2932 446 3000 Γλαῦξ
465 2930 597 2994 πέτεται.
614 2934 790 3019 ’Ἄντρωνος
810 2934 888 3004 ῦνος.
914 2935 994 3005 Θεὸς
1013 2934 1197 3020 ἡγεμόνευε.

345 3017 502 3099 Γναθμοῖς
522 3017 708 3098 ἀλλοτρίοισι
726 3022 829 3103 γελᾷν.
845 3016 947 3106 ’Ύπαρ
973 3021 1030 3084 υύκ
1050 3020 1124 3104 ῦναρ
1149 3020 1224 3085 ἐστί.

345 3103 458 3185 Γνώμη
481 3098 711 3170 Πανδελέτειος.
732 3104 801 3168 Ἀεὶ
822 3105 860 3167 τὰ
881 3105 991 3190 πέρυσι
1014 3106 1141 3189 ἀμείνω.

331 3188 443 3271 ,Γράες
464 3184 727 3269 κωθωνιζόμεναι.
749 3186 802 3272 Μὴ
827 3189 857 3250 δ’
882 3191 951 3275 εἰκῇ
966 3190 1113 3277 Ἄβυδον.

345 3271 446 3355 Γραῦς
464 3273 625 3354 καπρῶσα.
646 3268 686 3333 Τί
703 3272 761 3356 γὰρ
785 3275 886 3337 κοινὸν
909 3276 975 3338 κυνὶ
996 3277 1048 3339 καὶ
1062 3275 1234 3361 βαλανείῳ;
1349 3348 1350 3361 γ

345 3355 512 3423 Δακτύλιος
535 3352 652 3436 Γύγεω.
673 3354 780 3425 Ἀίδας
800 3358 903 3442 κυνέη.
923 3359 1019 3445 'Axe'
1039 3358 1144 3427 Ἰνοῦς.

345 3440 501 3502 Δάκτυλον
526 3437 604 3523 αἶρε.
629 3438 715 3524 Πάγη
739 3442 774 3505 δὲ
793 3444 891 3527 πάγην
914 3444 1068 3529 λήψεσθαι
1090 3442 1203 3509 ἔοικεν.

345 3522 453 3591 Δειλὸς
472 3520 604 3593 Ἐπειός.
627 3522 723 3587 Πέντε
738 3531 847 3609 κριτῶν
871 3528 902 3590 ἐν
924 3529 1051 3612 γούνασι
1073 3530 1181 3592 κεῖται.

346 3606 523 3691 Δειλύτεροι
542 3610 685 3692 κεμάδος.
711 3610 791 3695 Δίχα
814 3635 866 3695 μοι
887 3614 957 3681 νόος
977 3614 1102 3699 ἀτρεκὲς
1123 3615 1232 3679 εἰπεῖν.
1348 3621 1349 3654 ³

346 3690 462 3771 Δεσμυὶ
481 3689 641 3779 Τυρρηνοί.
667 3695 774 3777 Δῶρον
800 3694 830 3758 δ’
854 3696 912 3774 ῦ,τι
935 3698 981 3783 διγῦ
999 3722 1052 3776 τις,
1076 3698 1205 3763 ἐπαίνει.

347 3774 449 3859 Δῆλον
466 3777 517 3838 καὶ
539 3776 658 3864 τοφλιβ.
685 3776 790 3843 Βλέπε
811 3784 877 3849 πῶς
899 3783 970 3850 ὄνος
990 3784 1031 3846 ὢν
1055 3781 1107 3846 ὅδ’
1129 3783 1252 3869 ἀνέστη.
1347 3866 1348 3883 γ
