2884 4650
707 561 879 656 „nn

331 731 402 790 Teo.
425 729 495 790 Non
517 729 615 789 credis
628 732 749 790 autem?
781 732 830 791 Αἰ.
852 731 917 788 Iam
932 729 1022 788 nimis
1033 729 1167 804 loqueris
1183 730 1246 788 diu.

332 816 404 875 Tec.
425 814 506 874 Nam
526 816 618 874 timor
637 815 747 895 adegit.
779 817 828 875 Ai.
849 816 934 874 Intus
955 815 1035 872 hanc
1051 814 1209 875 includite.

333 902 404 960 Teo.
427 900 573 978 Reprime
587 907 627 973 te,
640 904 756 961 amabo.
778 903 826 961 ni.
851 899 950 962 Stulta
966 917 1039 959 vero
1051 920 1085 960 es
1097 901 1249 974 foemina,

264 987 316 1042 595
334 985 369 1048 Si
389 1005 468 1046 nunc
491 1004 613 1044 movere
635 989 752 1064 cogitas
776 987 908 1044 animum
926 998 1034 1044 meum.

668 1071 799 1148 Strophc
821 1073 913 1131 VIII.

334 1156 389 1216 Ch.
432 1154 564 1214 Illustris
587 1152 730 1230 Salamis,
753 1158 843 1215 beata

334 1241 382 1301 Tu
403 1258 482 1299 nunc
499 1239 659 1312 habitacla,
682 1250 712 1300 et
733 1241 809 1299 felix

335 1326 471 1397 Cunctis,
493 1323 681 1399 celebrisque
700 1328 827 1386 cunctis.

333 1413 401 1490 Ego
423 1417 533 1482 autem,
557 1427 623 1486 ego.
644 1410 749 1470 imma·

336 1515 388 1555 -ne
410 1502 528 1570 tempus
550 1494 635 1566 abiit,
655 1498 750 1558 miser

335 1582 384 1640 Ex
406 1599 465 1654 quo
486 1579 535 1636 hic
557 1579 658 1638 Idaeis
756 1594 758 1601 ·

335 1668 373 1724 In
395 1664 531 1742 pascuis,
552 1663 644 1738 inque
666 1669 758 1736 ubere

335 1749 462 1810 Nutrice
485 1767 608 1827 gregum
631 1769 768 1826 perennc
788 1751 892 1824 herba,

336 1837 486 1896 Morarum
507 1834 680 1910 impatienS,

336 1922 448 1981 Malam
474 1939 557 1996 spem
579 1920 731 1981 refovens.

339 2005 512 2082 Siquidem
534 2004 600 2077 erit,
622 2016 655 2065 ut
675 2022 762 2084 agam
784 2006 833 2063 hic

336 2090 450 2152 Procul
475 2090 604 2148 animam

337 2179 515 2248 Inhonorus,
538 2192 660 2249 exspes.

634 2259 828 2336 Aatt'stropltc
851 2258 952 2315 XIII.

340 2348 422 2423 Quin
444 2353 474 2403 et
494 2343 642 2422 perditus,
663 2364 754 2422 aeger
775 2345 855 2403 Aiax

338 2433 382 2492 Mi
405 2450 476 2489 cura
498 2429 631 2489 secunda
648 2432 798 2504 inhaeret,
818 2429 896 2507 proh

338 2517 452 2575 Divino
474 2515 604 2592 agitatus
627 2524 725 2589 aestu,

338 2602 497 2660 Profectus
518 2618 556 2657 ex
577 2607 608 2656 tc

340 2688 488 2757 Antehac,
507 2685 591 2761 prius
614 2683 736 2763 inclytis

340 2770 542 2847 Praepollens
562 2770 669 2829 armis:

341 2855 433 2916 Nunc
458 2855 543 2913 avius
566 2856 675 2915 mentis
696 2872 770 2913 suae

344 2941 414 3003 Suis
438 2940 524 2999 dolor
546 2940 647 2998 extitit
668 2958 805 3017 magnus.

342 3027 452 3086 Priora
469 3025 630 3083 omnidomi

343 3113 408 3171 Viri
432 3118 519 3189 gesta
539 3128 630 3167 manu
728 3124 731 3127 ’

342 3197 518 3259 Memoriter
539 3194 638 3252 animo

342 3284 476 3360 Profuga
494 3279 583 3338 malis

345 3368 487 3428 Cecidere
507 3364 632 3424 Atridis.

642 3450 670 3507 2.
692 3446 822 3524 Stropha
841 3446 961 3504 XIIII.

347 3535 409 3595 Sed
431 3554 496 3594 cum
514 3535 672 3594 vetustatis

347 3620 457 3680 Obsita
475 3628 624 3698 ternpore,

347 3704 440 3765 Canis
462 3713 492 3762 et
511 3707 599 3770 annis

346 3788 471 3853 Audibit
487 3808 562 3849 anus
582 3806 694 3866 parens
719 3788 798 3845 hunc
