2884 4650
697 571 848 665 „Lss-
911 525 912 529 v

318 739 438 800 nissimi
456 739 537 816 regis
553 737 679 797 Henrici
699 739 748 797 III
771 739 919 798 desidens
949 739 1029 814 apud
1047 737 1231 817 Gregorium

317 823 397 886 XIII
409 833 439 884 et
451 825 529 883 alio's
544 823 651 882 ltaliae
663 825 818 900 principes
828 824 1046 901 gloriosissime
1054 825 1167 897 functo,
1178 825 1233 900 qui

317 930 383 970 cum
398 918 427 967 et
433 910 534 968 multis
546 909 745 985 transalpinis
755 909 1001 986 expeditionibus
1016 916 1046 966 et
1058 909 1230 968 obsidioni·

318 999 374 1056 bus
390 995 507 1053 urbium
520 995 600 1051 intra
618 1013 744 1072 reguum
758 994 966 1070 superioribus
986 992 1076 1052 bellis
1088 994 1241 1054 civilibus.

318 1081 506 1140 interfuisset
511 1097 547 1136 ac
552 1080 584 1136 in
593 1080 733 1137 omuibus
744 1078 943 1137 fortissimam
953 1097 1077 1155 operam
1084 1088 1233 1138 navasset

316 1167 484 1241 ultimoque
512 1163 722 1222 funestissimo
756 1163 835 1222 bello
864 1163 987 1221 ineunte
1017 1164 1230 1223 illustrissimo

318 1251 387 1324 duci
414 1249 627 1324 Monpenserio
658 1249 690 1306 in
717 1248 876 1306 Picardiae
909 1249 1033 1307 urbibus
1068 1250 1099 1306 iu
1128 1250 1232 1308 officio

317 1334 483 1395 retinendis
506 1330 595 1390 fidem
612 1352 699 1408 opem
720 1334 960 1410 industriamque
974 1332 1125 1410 egregiam
1139 1354 1230 1411 prae·

319 1421 458 1491 stitisset,
481 1418 513 1476 in
531 1418 686 1494 provincia
710 1437 766 1476 sua
790 1419 892 1477 omnia
913 1418 1027 1495 oppida
1049 1427 1079 1476 et
1102 1419 1233 1478 castella
1272 1459 1283 1472 ,

318 1526 338 1564 a
357 1504 521 1563 rebellibus
542 1503 665 1562 insessa
685 1503 716 1561 iu
738 1511 917 1579 potestatem
941 1522 1027 1585 suam
1045 1504 1230 1582 redegisset,

319 1591 463 1649 Belacum
491 1606 577 1664 coprs
612 1588 775 1647 hostilibus
808 1589 1145 1666 acriter-oppugnatum
1172 1590 1229 1646 im·

318 1676 415 1734 misso
436 1680 527 1732 noctu
548 1693 628 1731 novo
651 1672 807 1749 praesidio
827 1674 935 1737 virtute
954 1674 1083 1731 filiorum
1106 1694 1243 1733 suorum*

319 1759 444 1819 summis
464 1757 690 1820 difficultatibus
716 1759 892 1834 expeditum
912 1758 1084 1831 liberasset,
1108 1761 1231 1818 hostem

318 1844 468 1922 praesidis
484 1842 592 1902 castris
604 1844 763 1902 tormentis
777 1843 894 1902 bellicis
905 1852 994 1917 atque
1004 1844 1242 1921 impedimentis⁴

318 1930 443 2005 saepius
471 1939 593 1986 exutum
627 1929 751 2006 saepius
782 1929 889 1988 accisis
918 1930 1028 2005 opibus
1061 1930 1093 1987 in
1124 1930 1241 1987 urbem*

318 2015 532 2074 Patavieusem
567 2015 788 2091 confugientem
820 2022 971 2090 postremo
999 2015 1088 2074 novis
1115 2015 1230 2084 auxil1s

318 2101 516 2174 undecunque
544 2099 722 2173 conquisitis
752 2107 872 2156 auctum
904 2117 939 2156 ac
969 2099 1083 2156 bellum
1111 2101 1229 2158 instau-

318 2193 435 2244 rantem
467 2183 574 2241 ultima
599 2184 672 2241 belli
703 2184 826 2243 fortuna
857 2185 897 2241 ad
928 2185 1038 2241 flumen
1058 2185 1230 2262 Vigennam

317 2269 525 2329 internecione
548 2268 721 2341 delevisset,
754 2269 786 2328 in
818 2269 913 2328 limite
935 2279 1042 2328 autem
1071 2271 1243 2347 superiore.

320 2356 526 2414 Lemovicano
551 2354 635 2415 ducis
649 2354 870 2413 Nemossensis
888 2357 993 2431 copias
1008 2364 1153 2414 nocturna
1172 2357 1230 2414 im-

318 2440 479 2517 pressione
502 2448 617 2499 terrore
639 2458 674 2498 ac
691 2440 784 2498 caede
807 2440 1031 2516 complevisset,
1052 2441 1231 2515 acdenique

319 2525 452 2604 quotidie
480 2544 578 2599 neque
606 2526 672 2584 sine
699 2526 798 2603 gloria
829 2544 885 2583 sue
912 2546 1009 2601 neque
1042 2527 1109 2585 sine
1137 2526 1229 2584 detri-

319 2617 422 2667 mento
450 2610 582 2669 hostium
610 2612 641 2669 in
669 2618 735 2670 toto
760 2610 812 2668 illo
845 2619 940 2668 tractu
966 2630 1032 2669 cum
1063 2611 1229 2671 rebellibus

319 2695 519 2771 experiretur,
547 2696 666 2753 taudem
693 2697 724 2754 in
755 2695 945 2773 expeditione
967 2695 1243 2773 Burgundionensi-

318 2798 421 2857 regem
443 2780 727 2839 christianissimum
749 2781 916 2840 Henricum
937 2781 1001 2838 1111
1022 2789 1143 2840 secutus
1162 2782 1230 2840 lan·

319 2883 442 2943 guonem
477 2872 583 2923 nactus
614 2866 784 2924 incredibili
822 2866 870 2924 sui
901 2866 1052 2925 desiderio
1086 2867 1229 2927 omnibus

319 2950 409 3009 bouis
431 2948 534 3006 relicto
548 2949 580 3006 in
598 2950 717 3013 civitate
737 2951 861 3011 Molinis
875 2952 913 3009 ad
933 2952 1092 3011 Elaverem
1106 2952 1230 3010 fluvium

321 3036 386 3095 oblt
397 3054 477 3092 anno
492 3034 600 3092 aetatis
618 3053 691 3092 suae
702 3036 759 3093 LX
772 3034 885 3095 Christi
900 3045 1000 3094 autem
1012 3034 1231 3099 Oreisitoi(

319 3119 565 3180 IIIKalOctob.
597 3116 997 3181 ClaudiaPodiauxorcum
1007 3122 1111 3181 liberis
1141 3124 1183 3180 M.
1193 3122 1229 3181 P.

353 3292 382 3351 6.
426 3291 564 3367 Iosephus
588 3287 720 3365 Scallper
739 3291 877 3349 Patcaois
892 3292 1048 3367 fratribus,
1079 3290 1198 3349 Claudii

528 3376 613 3449 filiis,
634 3376 669 3430 cle
686 3385 775 3433 morte
797 3394 892 3435 corum
908 3379 1015 3452 patria.

322 3460 350 3519 Ο
374 3459 445 3517 lecti
465 3460 602 3532 iuvenes,
626 3459 728 3517 virtuti
750 3460 852 3518 nobile
874 3480 997 3538 germen

321 3542 523 3605 Succrescens
547 3545 677 3621 patriae:
698 3544 769 3619 quid
793 3564 841 3602 me
865 3546 904 3603 ad
926 3546 1068 3603 damnata
1087 3543 1186 3602 redire

322 3627 417 3689 Sacra
438 3627 649 3703 Camenarum,
674 3638 703 3687 et
721 3628 863 3688 meliores
886 3632 990 3707 cogitis
1014 3648 1112 3688 annos

322 3714 497 3790 Respicere,
520 3722 553 3772 ut
571 3714 689 3774 Phoebi
712 3715 877 3774 revirescat
895 3717 1041 3791 pristinus
1067 3714 1164 3786 ardor,

320 3799 493 3875 Afflatuq'ue
512 3819 593 3859 novo
617 3802 734 3877 sopitos
756 3800 882 3860 suscitet
900 3801 1008 3879 ignes?
