2884 4650
616 535 655 596 29

180 702 254 777 Quis
278 703 391 762 turbo?
413 723 489 778 quae
512 705 679 764 aestuantis
702 725 777 763 aura
799 706 937 765 fortunae

180 789 222 847 Te
248 796 345 846 mutat
366 788 467 860 aliam,
486 790 593 868 quisve
616 808 705 849 casus
730 789 857 867 affligit?

179 872 264 947 Quae
288 874 396 946 tristis,
416 890 523 950 expes,
548 893 638 933 cassa
658 875 747 947 lucis,
771 883 878 949 atrata,

181 957 367 1038 squallentis
394 959 531 1016 obsoleta
552 960 693 1018 sordibus
715 960 813 1019 luctus

180 1045 310 1115 Moeres,
330 1051 364 1101 ut
382 1044 466 1114 orba,
486 1062 562 1117 quae
584 1046 636 1102 liet
656 1045 776 1102 unicum
796 1045 911 1103 mater?

180 1129 300 1206 Regina
320 1137 363 1186 tot
385 1147 496 1199 rerum,
520 1136 549 1185 et
569 1137 615 1187 tot
632 1130 752 1187 urbium
765 1131 918 1207 princeps,

180 1213 240 1274 Ubi
259 1222 382 1272 tuorum
404 1220 451 1272 est
472 1213 526 1270 lux
546 1221 665 1271 vetusta
686 1223 883 1290 sceptrorum,

180 1299 218 1356 Et
237 1317 332 1356 aureo
357 1297 519 1374 splendore
541 1295 617 1356 fulta
639 1299 807 1358 maiestas?

182 1383 318 1457 Totoque
343 1383 440 1440 maior
462 1385 545 1455 orbe,
569 1404 624 1459 par
646 1383 720 1461 polo
742 1385 862 1443 fastus?

94 1531 95 1536 ἵ
183 1468 288 1542 Illique
311 1467 414 1544 magni
434 1467 546 1544 gloriae
567 1477 636 1526 tuae
655 1469 779 1528 fasces?

182 1553 240 1612 Ubi
262 1551 396 1624 Quirites
415 1552 474 1609 heu
493 1553 547 1612 tui.
573 1553 615 1610 tui
637 1555 730 1624 cives,

182 1637 309 1695 Delecta
331 1639 440 1714 pubes,
461 1638 606 1700 flosculus
629 1637 812 1696 iuventutis?

183 1722 242 1782 Ubi
262 1722 337 1779 Divi
360 1721 472 1779 alumni
494 1722 663 1800 Principes,
685 1724 768 1782 lovis
790 1740 904 1796 semen,
1006 1726 1008 1731 ’

183 1807 330 1866 Proceres
354 1806 446 1880 beati,
469 1807 601 1864 debitum
623 1827 718 1885 genus
739 1809 837 1880 caelo,

182 1893 307 1950 Fulmen
333 1892 436 1964 duelli,
457 1899 555 1950 terror
577 1893 689 1950 Adriae
711 1894 824 1969 magni,

185 1977 284 2054 Opum
303 1977 484 2036 hosticarum
507 1978 644 2035 martiale
662 1985 855 2049 tormentum,

184 2062 292 2120 Tutela
313 2063 442 2138 patriae,
467 2081 537 2136 spes
564 2063 730 2120 labantium
753 2081 863 2133 rerum,

184 2147 272 2206 Pacis
297 2146 457 2222 sequestri,
477 2141 650 2222 civibusque
666 2148 778 2220 devoti,

185 2231 339 2308 Scaligera
361 2232 493 2304 soboles,
516 2233 568 2307 qui
588 2233 754 2292 Feretrium
778 2231 871 2289 tantis

185 2318 243 2377 Tot
264 2317 338 2375 olim
361 2317 483 2394 opimis,
505 2324 604 2392 teque,
625 2317 706 2376 Diva
727 2315 915 2375 mactarunt?

185 2402 276 2476 Queis
295 2410 340 2459 tot
357 2404 534 2479 triumphos,
551 2411 593 2461 tot
612 2404 772 2480 trophaea,
790 2410 835 2460 tot
854 2402 974 2469 laurus3

185 2486 274 2561 Queis
300 2488 413 2563 sceptri
432 2490 573 2561 honores,
596 2496 685 2562 atque
703 2506 812 2545 nomen
835 2488 991 2562 Augustae

184 2577 316 2647 Accepta
337 2573 440 2645 debes,
465 2592 601 2649 quaeque
626 2573 707 2647 mole
731 2572 854 2631 sublimi

183 2658 299 2716 Educta
318 2658 478 2716 Mausolea
497 2665 660 2734 provocant
680 2656 820 2715 coelum?

184 2743 265 2801 Proh
289 2751 403 2800 sortem
425 2744 578 2801 acerbam!
603 2743 678 2817 proh
703 2741 864 2800 volubilem
887 2743 1007 2799 casum!
1093 2737 1097 2744 ’

186 2826 339 2901 Quantae
361 2846 501 2904 supremo
521 2827 649 2885 culmine
673 2835 702 2885 et
721 2835 801 2886 statu
822 2845 922 2883 rerum
950 2873 952 2876 .

186 2910 305 2985 Quanta
327 2914 480 2971 excidistil
503 2930 565 2971 non
587 2913 642 2971 tibi
664 2913 759 2970 obfuit
781 2918 908 2983 tantum,

184 2997 262 3072 (Nec
281 3016 374 3073 posse
397 2996 530 3073 credam)
554 3005 646 3055 nauta
664 2998 780 3074 lapidis
799 2998 894 3072 ripae,
922 2992 1092 3070 [Iapydisl]

185 3081 335 3155 Quantum
357 3102 428 3155 una,
454 3082 547 3141 sudos
572 3102 649 3157 quae
674 3083 729 3140 tibi
751 3082 828 3154 dies,
850 3098 987 3159 quaeque

184 3167 319 3226 Fortuna
338 3174 585 3245 praeterpropter
603 3168 718 3225 invidet
737 3167 844 3224 lucem.

223 3254 283 3311 Ast
305 3272 323 3311 o
347 3260 474 3311 venusta
495 3261 600 3323 mater,
624 3271 774 3328 oparens
796 3252 890 3311 salve.

186 3337 211 3396 0
234 3356 303 3395 mea
326 3339 471 3408 creatrix3
493 3356 608 3411 vosque
632 3338 689 3395 rite
710 3338 858 3396 maiorum

187 3420 307 3481 Salvete
329 3442 445 3483 manes.
467 3422 524 3479 Ille
546 3440 603 3499 ego
626 3442 720 3499 nepos
744 3429 856 3490 vester,

186 3506 252 3565 Pila
272 3515 364 3583 atque
385 3507 483 3580 lusus,
503 3507 708 3582 ludicrumque
727 3508 883 3565 fortunae:

187 3590 316 3651 Currens
339 3593 474 3669 parentis
495 3592 564 3650 exul
586 3592 683 3651 exulis
703 3609 836 3649 cursum:

186 3676 243 3734 Pro
263 3677 343 3735 farre
364 3678 456 3751 salse,
476 3696 587 3753 proque
609 3678 720 3735 adoreo
742 3673 814 3746 libo,

186 3760 245 3822 Pro
266 3770 345 3836 ture,
369 3781 484 3851 proque
504 3762 611 3822 februo
633 3758 794 3839 parentali,
