2884 4650
712 534 862 630 Qe-

373 704 564 778 Narcissum,
584 714 613 763 et
631 706 739 782 patulo
759 706 826 765 lilia
840 705 941 763 hiulca
960 704 1039 779 sinn,

331 790 541 865 Halantesqne
563 808 678 864 cmoos,
703 799 734 850 et
756 809 926 869 purpureos
948 791 1141 867 hyacinthos,

373 877 502 953 Insuper
524 884 554 933 et
574 895 685 934 vernae
704 876 801 935 storea
821 884 903 936 serta
923 894 1028 947 rosae;

331 962 375 1021 Ut
398 962 453 1019 tibi
476 962 514 1019 ab
537 969 691 1037 unguento
714 960 1019 1039 capus-‘Heliadum
1041 961 1189 1039 fragranti

373 1045 476 1124 Spiret
496 1046 631 1105 odoratis
653 1054 726 1123 apta
744 1065 856 1105 corona
877 1046 984 1105 comis.

279 1189 284 1201 ,
732 1133 837 1189 Aliter.

330 1215 371 1273 Et
388 1215 519 1291 plectam
542 1215 653 1285 violas,
681 1224 713 1273 et
731 1216 839 1292 myrtis
861 1215 1005 1274 suavibus
1028 1215 1138 1273 addam

373 1299 565 1372 Narcissum,
587 1300 709 1377 iungam
731 1301 797 1359 lilia
813 1300 915 1357 hiulca
935 1298 1034 1358 simul.

331 1384 460 1444 Nectam
485 1403 578 1443 suave
600 1403 733 1459 crocum,
755 1396 858 1444 texam
879 1385 1017 1443 vaccinia
1036 1385 1112 1443 flore

372 1469 540 1545 Purpureo.
563 1470 694 1546 plectam
715 1472 822 1530 suavia
843 1478 927 1529 texta
947 1488 1050 1543 rosae,
1110 1463 1114 1469 ¹

331 1556 373 1615 Ut
394 1554 532 1611 madidae
552 1564 706 1632 unguento
719 1557 775 1614 tibi
792 1556 917 1614 floribus
938 1555 1069 1629 undiquc
1082 1554 1242 1626 inumbret,
1356 1527 1357 1536 i

373 1638 554 1712 Heliodoro,
577 1649 645 1699 tuas
667 1640 761 1717 plexa
780 1641 891 1699 corolla
913 1659 1027 1699 comas.

333 1806 409 1883 w)
606 1806 695 1888 Φαμί
713 1805 785 1867 ποτ’
810 1806 841 1867 ἐν
866 1806 984 1887 μύθοις.

331 1892 435 1950 Iudice
459 1912 517 1966 me,
538 1895 652 1972 argutis
672 1895 877 1967 sermonibus,
897 1894 978 1971 ipsa,
999 1894 1116 1970 lepore,

374 1978 454 2035 Vicit
475 1978 524 2036 vel
546 1978 696 2053 Charites,
718 1980 899 2052 Heliodora‚
920 1999 984 2039 suo.

335 2148 408 2224 t(8)
622 2142 771 2229 Ὀξυβόαι
793 2147 950 2211 κώνωπες.

333 2230 497 2310 Sanguinis
521 2234 644 2291 humani
668 2234 819 2305 sitientes,
840 2233 977 2307 improba
995 2232 1089 2305 secla,

373 2324 456 2396 Apta
481 2318 538 2377 alis
559 2320 694 2397 paribus,
718 2317 838 2388 vocifici
860 2316 997 2377 Culiccs:

332 2403 519 2479 Zencphilae
540 2406 693 2481 placidum
714 2405 807 2462 liccat
828 2403 959 2462 dormire
982 2421 1138 2481 soporem,

375 2487 526 2548 Carnibus
551 2491 667 2549 interea
689 2509 741 2548 vos
765 2490 873 2549 satiate
895 2489 984 2547 meis.

333 2570 394 2632 Sed
407 2574 478 2647 quid
498 2594 554 2652 ego
567 2577 642 2634 haec
655 2576 738 2633 dixi?
751 2576 864 2634 frustra
881 2593 957 2633 sum.
975 2571 1154 2633 Animantia
1167 2579 1247 2631 tetra

375 2656 515 2717 Gaudent
537 2662 569 2718 in
592 2670 729 2720 teneram
751 2662 843 2738 figere
864 2668 965 2718 rostra
985 2667 1092 2716 cutem.

331 2743 390 2812 Ah,
413 2762 505 2817 pecus
530 2746 737 2822 implacidum,
761 2746 878 2822 coeptis
901 2745 1051 2803 absistite.
1074 2743 1203 2802 sinon:

373 2827 538 2904 Zelotypa's
560 2831 593 2888 in
617 2851 671 2890 vos
691 2833 822 2890 instruet
843 2831 889 2888 ira
910 2849 1029 2888 manus.

333 2995 408 3072 ((9)
625 2991 737 3075 Πταίης
758 3018 810 3075 μοι
832 2998 958 3078 κώνωψ.
996 3034 998 3043 1

331 3083 357 3155 1,
380 3100 514 3159 propera
536 3081 688 3154 mandata,
712 3080 818 3141 Culex.
841 3082 929 3141 Velle
951 3084 1034 3142 ocius
1056 3103 1160 3144 aurem

374 3166 569 3243 Zencphilae,
594 3173 624 3223 et
643 3168 728 3224 tenui
751 3168 827 3226 haec
850 3187 1002 3226 murmure
1021 3169 1102 3228 dicta
1120 3191 1209 3231 sonat

332 3252 378 3311 Te
400 3252 472 3330 vigil
493 3252 546 3309 ille
564 3260 679 3310 manet:
704 3260 736 3308 lu
753 3252 848 3327 lenta,
871 3261 1013 3312 veternus
1035 3265 1202 3331 amantum,

373 3337 508 3397 Dormis.
528 3337 596 3409 Eia,
616 3336 692 3395 vola.
714 3355 800 3414 cuge,
822 3357 941 3410 canore,
962 3339 1040 3397 vola.

332 3419 393 3481 Sed
413 3424 531 3499 placide
552 3422 690 3497 eloquere
707 3423 794 3494 haec,
816 3443 855 3481 ne
870 3424 949 3481 forte
962 3424 1009 3481 vir
1021 3426 1137 3484 excitus
1148 3426 1181 3484 in
1195 3445 1246 3485 me

372 3507 452 3564 Iram
475 3509 644 3586 distringat,
669 3508 890 3583 zelotypasque
909 3509 1020 3568 minas.

331 3589 416 3664 Quod
437 3593 463 3650 si
482 3594 566 3651 illam
588 3593 730 3665 adduces,
752 3592 884 3668 spolium
904 3593 959 3650 tibi
981 3594 1094 3670 mande
1116 3595 1228 3670 leonis,

372 3676 413 3734 Et
434 3678 573 3737 manibus
598 3679 715 3738 dabitur
739 3677 828 3736 clava
849 3678 992 3755 gerenda,
1007 3677 1114 3738 Culex.
