2884 4650
642 430 644 437 '
729 465 880 559 -ru-

358 632 500 693 Natantis
524 634 588 693 alni
607 633 772 706 caudicem,
793 642 828 692 ut
850 635 1059 711 crepusculum

358 718 467 777 Puella
489 739 599 791 serum,
621 718 725 777 mobili
749 719 817 777 visu
837 719 958 797 legens,

359 804 484 864 Aheneo
504 804 629 863 latronis
653 822 729 862 ense
750 804 864 861 territa.

283 884 350 941 1435
360 889 447 948 Multi
467 890 601 961 labores,
621 888 717 946 multe
734 888 809 946 belli
828 890 938 947 funere

233 984 237 994 '
357 975 455 1033 Erunt
474 974 613 1045 virorum,
634 992 718 1031 nuno
735 974 837 1049 gravis
860 975 1026 1032 certamina

362 1060 411 1120 Ob
434 1068 555 1137 sceptra
576 1058 662 1135 regni
682 1058 802 1117 fortiter
822 1060 1031 1132 certantium,

358 1144 449 1203 Nunc
469 1145 600 1202 exaratis
620 1144 652 1200 in
675 1144 767 1200 bourn
786 1144 963 1203 novalibus:

359 1230 440 1288 Dum
462 1230 571 1288 crudus
592 1230 683 1286 heros
707 1228 808 1303 sopiat
829 1229 942 1287 bellum
967 1247 1059 1306 grave

284 1314 352 1367 1440
360 1317 407 1374 Ab
429 1317 531 1373 Aeaco
552 1320 641 1387 atque
663 1312 807 1371 Dardano
828 1313 941 1373 ducens
963 1333 1072 1391 genus,

360 1400 546 1475 Thesprotus
566 1406 724 1472 utrumque
748 1407 778 1455 et
800 1397 1006 1457 Chaladraeus
1028 1399 1096 1457 leo:

360 1484 490 1544 Omnem
513 1492 543 1540 et
568 1482 711 1557 supinans
735 1483 838 1542 fratris
859 1503 995 1542 eversam
1016 1485 1152 1556 domum,

359 1568 587 1627 Formidolosos
605 1575 693 1645 coget
714 1568 845 1645 Argivos
866 1569 958 1627 duces

359 1653 441 1711 Ditis
465 1651 634 1712 Chaladrae
657 1672 782 1711 saevum
802 1654 920 1711 adulari
937 1654 1052 1729 lupum,

283 1738 399 1797 1445511
420 1747 541 1814 sceptra
559 1739 652 1815 prisci
669 1738 857 1815 principatus
879 1739 1008 1797 tradere.

359 1822 417 1887 Cui
440 1830 528 1881 sexta
545 1824 604 1881 iam
625 1831 695 1899 post
716 1824 819 1881 saecla
839 1832 985 1901 cognatus
1005 1842 1091 1883 meus

358 1911 468 1967 Manus
488 1910 605 1968 feroces
625 1926 787 1967 conserens
810 1908 1013 1983 quinquertio,

358 1993 531 2068 Terraeque
553 2012 708 2069 aquaeque
729 2013 790 2051 non
809 2012 955 2053 recusans
978 1994 1128 2071 sagmina,

358 2079 441 2137 Inter
461 2078 585 2138 sodales
608 2088 670 2135 tum
694 2078 984 2151 cluetveterrimus,

282 2165 350 2219 1450
358 2164 465 2222 Partus
488 2163 588 2221 duello
611 2164 735 2239 primitu
757 2164 884 2222 exuvias
902 2165 1016 2222 ferens.

359 2248 438 2321 Quid
456 2249 567 2307 misera
587 2249 709 2326 longum
731 2257 848 2324 tempus
870 2250 903 2306 in
926 2250 1033 2308 surdas
1054 2257 1174 2327 petras,

360 2333 474 2395 Surdas
495 2334 656 2411 procellas,
677 2335 778 2393 irritas
800 2343 903 2393 cantes
925 2335 1046 2410 loquor,

359 2417 461 2480 Sonos
483 2421 590 2478 inanes
611 2420 674 2478 oris
694 2419 849 2478 incassum
868 2420 974 2479 ciens?

359 2503 507 2563 Nostram
529 2505 686 2582 obrogavit
707 2503 831 2581 Nuptus
854 2506 1016 2580 antiquans
1037 2505 1139 2578 fidem,

282 2592 349 2647 1455
359 2588 491 2648 Rumore
514 2610 592 2648 vano
613 2589 813 2649 veriverbium
834 2590 968 2663 illinens,

358 2675 549 2749 Montemque
573 2683 672 2734 certae
694 2675 833 2734 dictionis
855 2695 1010 2752 augurem,

357 2759 474 2818 Passus
493 2762 645 2834 repulsam
663 2780 790 2836 quorum
813 2763 934 2819 amabat
956 2760 1088 2836 assequi.
1159 2829 1164 2836 ‚

358 2844 470 2901 Veram
490 2862 559 2902 esse
581 2846 682 2918 faciet,
707 2856 738 2904 et
757 2845 837 2904 malo
861 2846 986 2906 edoctus
1009 2866 1063 2906 suo

360 2927 447 3001 Quis,
470 2928 551 3004 quod
572 2930 692 2988 iuvandi
714 2932 845 3007 patriam
867 2932 952 2990 nulla
973 2942 1021 2990 est
1039 2932 1099 3003 via,

281 3017 350 3072 1450
360 3012 551 3072 Carmentem
573 3015 691 3072 abunde
712 3016 903 3075 hirundinem
920 3017 1096 3076 laudaverit.

358 3099 489 3157 Tantum
510 3098 609 3156 locuta
630 3107 686 3172 est,
711 3107 741 3158 ct
763 3103 920 3179 reciproco
942 3103 1020 3178 pede

357 3184 454 3243 Recta
475 3185 599 3261 petebat
621 3202 734 3256 carcer,
757 3195 848 3262 atque
869 3187 902 3245 in
922 3196 1046 3264 pectore

358 3268 475 3329 Sirenis
498 3269 650 3346 expiravit
670 3269 795 3329 ultimos
818 3272 928 3331 modos

358 3352 440 3412 Clari
464 3356 619 3428 sacerdos,
641 3363 732 3430 atque
752 3354 857 3416 Nesus
879 3357 963 3416 filiae

281 3442 349 3497 1455
357 3439 462 3516 Augur
483 3441 618 3514 satelles,
641 3441 731 3515 quale
752 3440 889 3500 Picatum
909 3444 1025 3520 loquax

358 3523 535 3597 Monstrum,
558 3526 692 3586 involuta
708 3526 806 3598 ,verba
822 3527 894 3586 lime
912 3529 1054 3588 tinniens.

279 3632 282 3640 ⁴
357 3606 421 3682 Ego
441 3609 627 3685 implicatum
649 3611 840 3671 nuntiaturus
863 3614 917 3672 tibi

357 3689 436 3750 Veni
457 3691 603 3754 furentem
624 3697 750 3775 virginis
772 3697 886 3758 Fatuae
906 3718 1023 3772 sonum,

547 3803 586 3843 h
740 3811 743 3818 .
