2884 4650
697 529 846 622 A

265 737 266 742 κ
320 698 373 757 Ait
394 696 489 756 fuisse
509 695 643 774 litigator
663 699 813 774 optimus3

320 780 351 839 N
354 782 429 858 eque
449 781 540 840 ullius
562 782 693 839 tribunal
716 784 841 840 arduum
864 781 923 840 fori

320 866 472 943 Nequisse
489 885 665 941 personare,
688 868 754 926 sive
777 867 894 944 legibus

322 951 409 1028 Opus
431 951 508 1009 foret
527 950 647 1024 latrare,
671 952 737 1011 sive
758 952 873 1029 iurgiis.

321 1036 361 1096 Et
381 1038 435 1095 hoc
455 1042 545 1113 negat
566 1055 673 1095 severa
693 1034 911 1112 Nittiobrigum

321 1120 441 1200 Negare
461 1128 558 1197 septa,
581 1121 812 1195 Vasconumque
835 1121 944 1193 curias,

241 1199 243 1206 ’
320 1207 472 1284 Aginnum
493 1205 594 1279 inane,
617 1203 859 1280 Condomumque
880 1203 1075 1280 inhospitum,

321 1291 511 1361 Lemovices,
533 1296 691 1366 trucesque
712 1289 914 1366 Petregorios.

321 1377 381 1436 Ubi
402 1376 461 1434 iste
483 1383 551 1449 post
572 1374 715 1452 magnus,
740 1383 830 1431 antea
850 1373 908 1430 fuit

321 1461 461 1518 Lauerna
481 1458 566 1531 iuris,
589 1468 618 1516 et
636 1468 782 1535 patronus
803 1460 835 1516 in
855 1458 923 1517 foro

321 1546 474 1619 Loquente
494 1561 586 1621 saepe
607 1563 681 1602 voce
696 1544 828 1622 ¹prodidit
845 1562 929 1629 reos3

322 1628 458 1688 Oadurce
480 1629 596 1701 rabula,
618 1637 647 1685 et
669 1629 782 1687 Tolosa
800 1636 971 1698 contumax,

321 1714 393 1772 Tibi
412 1713 485 1771 haec
503 1713 600 1772 fuisse
621 1722 650 1771 et
669 1733 739 1772 esse
760 1713 969 1790 cognitissima
1027 1763 1031 1771 .

321 1799 373 1859 Ait
393 1798 542 1875 magirus:
563 1797 669 1856 ultima
691 1818 729 1855 ex
749 1799 861 1875 origine

322 1883 397 1942 Tuis
414 1902 556 1960 crepasse
575 1883 642 1940 iura
665 1883 738 1940 dicit
756 1884 787 1941 in
812 1883 939 1954 scholis,

322 1969 389 2026 Tua
407 1965 561 2027 intonasse
582 1968 699 2045 legibus
723 1968 847 2027 sedilia:

321 2055 361 2112 Et
381 2053 452 2111 inde
475 2053 565 2111 surda
588 2073 644 2129 per
662 2060 707 2111 tot
729 2054 847 2123 urbium
869 2053 936 2111 fora

323 2137 439 2214 Stipem
460 2137 626 2209 extudisse,
649 2137 738 2194 laeva
759 2138 823 2195 sive
848 2138 973 2195 dextera

322 2223 458 2299 Rogaret
477 2241 558 2293 aera,
583 2222 646 2279 sive
666 2229 823 2296 utramque
845 2221 984 2297 pluscula

322 2307 456 2366 Pecunia
475 2315 615 2385 gravaret
633 2306 786 2383 improbus
808 2327 939 2366 manum.

321 2392 429 2467 Neque
454 2392 517 2449 ulla
535 2402 607 2449 vota
628 2392 791 2451 curialibus
811 2393 875 2451 deis

323 2476 389 2537 Sibi
412 2496 479 2535 esse
501 2477 591 2550 facta,
610 2497 676 2534 cum
699 2477 811 2535 rediret
831 2498 850 2535 a
871 2478 933 2535 foro

324 2563 459 2622 Onustus
483 2581 552 2619 aere
575 2563 709 2637 adusque
729 2563 882 2640 propriam
908 2562 1035 2619 domum.

212 2656 214 2663 '
324 2645 384 2707 Sed
404 2647 478 2704 haec
496 2647 580 2723 prius
601 2649 697 2705 fuere:
719 2668 798 2705 nunc
818 2647 931 2706 cibaria

322 2730 439 2807 Ligurit
460 2739 560 2804 uncta,
584 2751 675 2806 seque
696 2732 814 2790 dedicat
835 2731 890 2789 tibi

324 2815 546 2888 culinarum,
570 2823 600 2874 et
619 2816 719 2874 eulina
740 2817 851 2874 divitis.

534 3012 537 3019 ·
637 2984 683 3041 11.
730 2986 768 3041 In
789 2988 914 3042 eundem.
958 3048 963 3054 ,

323 3070 412 3129 Nunc
432 3069 509 3129 ollas
533 3077 655 3142 tractas,
679 3069 814 3127 tractasti
834 3069 930 3146 iurgia
949 3067 1116 3142 quondam:

324 3157 394 3215 Iura
411 3155 491 3213 idem
517 3153 621 3228 solitus
644 3154 785 3226 vendere,
807 3154 874 3211 iura
895 3153 1008 3230 coquis.

399 3323 446 3381 12.
490 3326 528 3381 Iu
549 3326 665 3381 citatum
686 3326 828 3399 quendam
849 3343 906 3381 nou
925 3328 1150 3400 respondentem.

323 3407 506 3483 Proscripsit
525 3416 577 3465 tua
599 3416 697 3481 teque,
716 3409 795 3484 quod
816 3409 923 3465 citatus

324 3490 393 3549 Non
411 3492 616 3567 responderis,
637 3492 767 3570 optimus
789 3492 928 3553 Senatus.

324 3574 393 3633 Non
412 3578 491 3635 assis
511 3577 602 3650 facis3
625 3586 654 3635 et
673 3597 795 3655 gravem
814 3576 961 3636 tremendi

324 3661 436 3738 Legem
459 3662 609 3736 carminis,
633 3681 669 3720 ac
687 3682 795 3722 severa
813 3662 898 3721 iussa

325 3746 455 3804 Tantum
473 3746 565 3804 verba
584 3755 687 3823 putas:
711 3755 800 3807 notas
821 3747 954 3818 honoris,
