2884 4650
582 504 732 597 ju..-

197 671 354 730 Transtm’s
378 670 542 745 loquentis,
562 683 592 731 et
613 674 731 750 peritae
752 692 881 732 currere.

196 761 239 817 At
259 775 365 816 rursus
389 764 474 814 antro
497 757 548 831 qui
570 758 722 834 revulsi[t]
746 758 887 830 mulleos,

196 846 360 902 Amentum
380 850 410 899 et
428 841 522 912 ensis,
546 844 710 915 baltheum,
731 852 820 917 atque
841 863 945 903 ensem
964 846 1071 921 patris,

197 927 256 987 Cui
277 926 390 1003 Scyrus
411 926 484 983 olim
506 926 679 987 lacrumosa
698 930 805 986 funera

195 1012 379 1088 Praecipitis
399 1011 479 1069 iufra
502 1013 661 1071 stridulum·
683 1015 845 1072 umbonem
867 1014 931 1092 iugi
1113 1017 1179 1071 1³25

197 1098 303 1159 Saltus
324 1095 442 1174 parabit
462 1097 642 1173 insepultos,
666 1097 843 1175 Phemipor,

197 1185 318 1260 Mystae
338 1176 437 1240 comes
461 1181 569 1254 leonis,
594 1184 728 1243 hosticae
751 1184 825 1241 deae

198 1268 263 1343 Qui
284 1267 388 1325 mulsit
407 1268 482 1324 uber
500 1267 629 1329 lacteum
647 1269 813 1339 Feretriae,

197 1354 261 1413 Fur
281 1352 394 1410 balthei
416 1352 500 1409 litem
523 1353 666 1411 excitavit
689 1354 851 1430 duplicem,

198 1438 325 1499 Gestum
343 1437 505 1509 revellens,
528 1446 557 1495 et
577 1439 795 1515 Themiscyrae
817 1439 961 1497 inclutam

197 1528 281 1582 Arcu
301 1530 457 1599 putentem
478 1522 646 1581 Porrimam
671 1525 768 1583 civem
789 1526 939 1583 auferens.

199 1608 295 1668 Cuius
320 1626 438 1667 sorores
463 1609 594 1685 virgines
614 1608 808 1686 Neptunides

197 1694 284 1753 Erim
302 1700 392 1768 atque
413 1693 558 1771 Lagmum
580 1694 766 1766 descrentes,
783 1693 949 1764 Telamum,

198 1780 330 1839 Fluenta
352 1778 589 1837 Thermodontis
611 1788 699 1853 atque
719 1783 816 1837 Actae
837 1780 918 1856 iuga,

200 1864 325 1923 Poenas
348 1864 473 1939 rapinae
496 1862 702 1938 quaesitantes
728 1882 866 1939 asperas,

199 1949 273 2008 Istri
294 1949 341 2007 uls
366 1956 527 2007 sonantem
549 1950 693 2025 gurgitem
718 1948 794 2007 citas
816 1967 910 2022 equas

198 2036 311 2111 Egere,
334 2034 454 2091 hiantes
479 2033 635 2091 horitcrem
659 2034 721 2092 oris
740 2052 850 2091 sonum

201 2118 340 2191 Graecis,
361 2118 472 2177 vetusti
495 2118 625 2192 filiisque
643 2118 814 2177 Erechthei.

201 2205 392 2278 Omnemque
415 2204 489 2262 duro
512 2206 608 2261 Marte
630 2211 787 2263 vastarunt
807 2221 922 2280 agrum,

200 2292 277 2369 Igne
295 2289 464 2349 ustulantes
486 2289 670 2366 patrimonia
690 2289 842 2367 Mopsopi.

200 2379 349 2450 Meusque
369 2393 494 2451 campos
519 2375 668 2433 Thraciae
689 2375 838 2452 populans
861 2393 946 2445 avus,

201 2461 388 2535 Terramque
410 2461 551 2533 Ilerdam,
577 2468 638 2518 tum
660 2459 863 2520 Galadraeum
886 2459 995 2529 sulum,

200 2546 337 2604 Peneum
360 2546 399 2602 ad
421 2565 541 2602 amnem
564 2546 674 2622 panxit
695 2546 762 2602 arvi
783 2545 940 2617 terminos,

202 2631 321 2692 Servile
347 2631 454 2688 vinclis
477 2631 655 2707 imprimens
675 2631 751 2688 eollo
771 2630 884 2707 iugum,

200 2717 320 2790 Virtute
342 2723 503 2792 praestans
524 2717 642 2775 iuvenis
665 2725 695 2774 et
716 2717 813 2773 forma
835 2716 910 2774 suis.

201 2806 244 2862 At
263 2803 339 2858 haec
361 2801 523 2860 bubulcum
540 2801 696 2877 suppetias
723 2821 779 2877 pro
802 2808 843 2858 tot
862 2799 949 2858 malis

203 2886 440 2946 Cndonivestem
464 2905 577 2960 sexque
599 2887 720 2945 navium
744 2886 849 2944 ducem

202 2973 339 3044 Mittens,
358 2971 462 3048 ligone
482 2971 565 3030 celsa
587 2971 665 3029 fodit
684 2971 814 3030 moenia.

201 3058 281 3116 Eum
301 3057 423 3115 Moneta
441 3057 625 3116 vorticordia
648 3058 785 3116 coetibus
816 3072 819 3077 “

202 3141 305 3201 Deum
326 3141 465 3213 sacrabit,
488 3160 579 3200 causa
595 3142 737 3219 princeps
759 3143 901 3200 luctuum.

202 3228 322 3287 Rursus
342 3227 496 3285 Timolum
520 3227 695 3288 deserentes
717 3229 852 3287 vultures

202 3315 243 3372 Et
263 3311 420 3388 Cimpson,
441 3332 623 3388 aureumque
644 3313 763 3373 Pactoli
783 3314 893 3381 sinum,

202 3399 243 3457 Et
260 3417 353 3474 aquas
378 3398 515 3471 Paludis,
537 3399 621 3457 cuius
642 3399 673 3457 in
695 3398 844 3456 cubilibus

203 3483 363 3559 Typhonis
386 3503 463 3542 uxor
486 3503 595 3560 aspero
613 3492 683 3542 toro
704 3484 837 3552 incubat,

203 3568 335 3646 Agyllan
357 3568 520 3628 Ausonitin
538 3570 696 3640 intrarunt,
717 3585 840 3644 gravem

205 3652 313 3713 Saeuis
333 3654 506 3730 Liguribus,
528 3655 638 3730 quique
661 3653 758 3730 primo
780 3648 941 3710 Sithcnum

203 3737 290 3797 Dure
309 3739 462 3817 gigantum
485 3745 555 3796 sunt
573 3739 666 3796 creati
691 3735 850 3812 sanguine,
