2884 4650
678 510 828 604 „¹⁸3-

425 672 519 735 τάσδε
544 675 610 758 μετ’
634 674 786 759 οὐρανίων
804 673 970 760 Ῥίαμόλος
989 674 1135 745 ἐσθίεται.

299 758 350 833 13,
360 758 411 819 57.
426 753 591 823 Νειλιακοό
614 762 753 845 λαχάνου
773 762 913 843 γελάσεις
933 760 1065 844 ἐριώδεα
1085 760 1214 845 ρυσμόν,

426 842 576 911 εἱλικτοδς
597 844 696 908 ἕλκων
719 847 824 929 χερσὶν
850 846 923 915 ὀδάξ
948 868 980 909 τε
1005 845 1118 927 μίτους.

300 927 411 999 1313.
427 924 554 1009 εδχερὲς
562 929 708 1013 ἀργυρίου
719 929 871 1013 χρυσοῦτ’
887 930 971 1014 ἐρίου
982 952 1015 991 τε
1029 931 1080 993 καὶ
1088 928 1211 1007 ἔσθους,

427 1015 487 1071 τῶν
513 1012 548 1075 δὲ
570 1014 711 1097 μυκήτων
737 1012 775 1076 αδ
801 1014 949 1099 δυσχερές
972 1014 1035 1077 ἐστι
1058 1014 1149 1097 δόμα.

302 1094 349 1167 13,
359 1094 411 1155 31.
425 1098 519 1178 γραῦν
530 1098 584 1180 μὲν
595 1095 682 1182 ἔχων
694 1099 841 1181 γαμετὴν,
852 1098 888 1161 τὰ
903 1098 980 1183 μέρη
995 1098 1022 1161 δ’
1035 1099 1092 1163 ὑπὸ
1105 1100 1212 1244 γαρτρὶ

1006 1206 1058 1245 νεκ
1079 1208 1103 1245 τυ
1127 1204 1153 1247 ει

426 1264 522 1348 μηδὲν
540 1263 635 1349 ἔχοις,
652 1263 773 1352 βόλβων
785 1268 852 1350 πρὶν
867 1204 1170 1356 κογρέσασθαιξὶτῖκος.ς

302 1346 403 1419 1326.
415 1347 474 1411 οόα
490 1349 543 1432 μὲν
558 1350 649 1433 ἐσμὲν
663 1350 756 1435 ὑγρῆς
766 1352 897 1435 γαστρός
913 1353 1116 1435 σκλήρυντρον
1128 1351 1209 1414 ὀπό·

425 1434 568 1497 παιδὶδὲ
583 1436 700 1517 μᾶλλον
715 1436 815 1513 ἐοῦσ,
832 1434 871 1520 ήέ
888 1459 947 1514 σοι,
961 1435 1104 1520 ἁρμοδίη.
1148 1440 1212 1519 [ρη,

303 1514 350 1587 13,
360 1514 410 1574 27.
448 1520 609 1602 ρυσοχρὼς
623 1519 740 1583 δίδοται
759 1520 909 1603 καροωτὶς
920 1521 951 1582 ἐν
964 1520 1058 1604 ήματι
1073 1523 1186 1605 πρώτῳ

422 1542 534 1666 θόνοο.
558 1604 658 1687 δῶρον
683 1605 769 1688 ὅμως
790 1604 864 1667 αδτδ
888 1603 1017 1687 πένητος
1038 1602 1109 1689 ἔφυ.

302 1682 351 1755 14,
365 1681 412 1743 18.
426 1686 627 1771 τῶνκαρόων
644 1689 698 1772 μὲν
712 1689 838 1773 ἄθυρμα
856 1691 960 1772 μικρὸν
979 1691 1146 1772 δαπάνημα
1159 1711 1211 1751 κα·

428 1769 509 1835 ἀλλὰ
522 1770 610 1854 θαμὰ
621 1776 758 1854 γλουτῶν
770 1774 876 1837 παιδία
887 1774 1065 1857 νοσφίσατο.
1089 1775 1212 1852 [λεῖται,

302 1852 351 1923 13,
360 1850 413 1910 25.
426 1858 500 1963 γήλε
521 1858 628 1962 σοροῦ,
648 1860 815 1963 παρρδῖτα,
830 1854 925 1941 Ῥέης
944 1857 1114 1965 ἀκρόδρυον
1133 1857 1211 1963 ρίμί,
1272 1936 1278 1948 ⁴

303 2020 413 2094 ππ.
427 1942 1189 2111 3133.ἷῖἶ.ἕ,ξίἱλό.ῗ.ἶ.ῗίέόιῖῗίίθλτὲζζξι,

426 2110 446 2192 ή
472 2108 551 2173 ἐλάα
572 2110 674 2180 δαιτὸς
698 2112 749 2176 καὶ
771 2110 859 2179 τέλος
879 2110 955 2195 αὐτη
980 2110 1050 2195 ἔφυ.

303 2190 351 2263 13,
361 2188 413 2249 24.
428 2194 455 2257 εἰ
478 2194 576 2275 μέλιτι
597 2194 752 2280 μεθύοντα
769 2197 905 2259 κυδώνια
929 2198 972 2265 τὶς
993 2194 1148 2280 παραθείη

429 2278 479 2342 σοί
497 2301 582 2356 ποτε,
605 2285 700 2346 ταῦτα
721 2283 825 2346 καλεῖν
850 2281 899 2343 σοὶ
922 2280 1077 2365 μελίμηλα
1097 2278 1196 2362 θέμις.

301 2361 351 2435 13,
361 2361 412 2422 22.
428 2365 490 2445 εἰμὶ
507 2365 561 2448 μὲν
576 2368 612 2432 οὐ
625 2368 744 2451 χρηστὴ
762 2365 972 2441 κυάθοις,υότ’
990 2365 1117 2436 εὔθετος
1126 2362 1211 2448 οἴνῳ,

428 2447 464 2512 οδ
487 2449 604 2514 πίνοντί
623 2454 660 2534 μ’
684 2452 770 2535 ὅμως
789 2450 853 2534 εἰμί
874 2474 922 2514 σοι
942 2450 1028 2532 εἶδαρ
1052 2449 1097 2524 ἐό.

302 2530 412 2604 13,23.
426 2532 575 2642 γηραλέῳ
591 2534 708 2623 Βάκχῳ
731 2535 848 2619 Σητίνῳ
871 2533 949 2601 Χῖον
973 2534 1075 2640 ἐοικὸς

303 2699 352 2771 13,
362 2699 413 2760 ιτ.
426 2640 531 2766 ἶίέἶό
551 2644 610 2768 ἓίί
613 2619 1045 2790 αόοέίθοόίίλόθῗδόόλ
1060 2615 1212 2764 &gam

426 2783 555 2867 ήλοθον,
567 2789 641 2853 εἴποι
651 2789 704 2873 ἔην
716 2790 853 2872 μείζονα,
865 2795 956 2852 σῦκον
968 2786 1002 2850 ἂν
1013 2786 1061 2871 ἦν.
1083 2788 1213 2868 [πλεκτή

302 2867 411 2941 1318·
427 2870 596 2956 βρομῶδες
617 2878 651 2938 τὸ
673 2874 815 2958 τρίχωμα
839 2872 1031 2959 Ταρεντίνοιο
1052 2871 1204 2955 πρόσοιο’

427 2957 456 3018 εἰ
479 2954 603 3040 ἔφαγες,
624 2959 748 3026 κλείσας
772 2959 806 3021 τὸ
831 2959 930 3042 στόμα
952 2962 1044 3020 κόσον
1067 2952 1134 3038 ἐμέ.

303 3038 414 3115 13,13.
429 3039 523 3108 ἄλσος
539 3040 692 3124 Ἀρικῖνον
711 3043 817 3126 πράσα
836 3045 982 3126 τιμήεντα
1003 3041 1121 3104 δίδωσι.

428 3127 537 3190 λευκὸν
563 3126 622 3208 όρα
643 3126 778 3212 χλοερὰς
792 3129 907 3192 καυλὸν
931 3125 1044 3211 ἔχοντα
1065 3123 1173 3207 κόμας.

303 3208 351 3283 13,
361 3210 444 3295 37.ή
466 3207 662 3294 Κορκοραίοο
685 3212 759 3275 τάδε
780 3214 907 3276 κλανῶν
930 3211 968 3296 ήν
991 3210 1052 3275 οἱπδ
1074 3210 1188 3291 κήπου,

426 3297 446 3381 ἢ
471 3296 522 3360 καὶ
541 3293 712 3360 Μασσύλου
736 3299 820 3378 μῆλα
841 3298 1005 3381 δράκοντος
1027 3292 1091 3378 ἔην.

303 3379 353 3452 13,
363 3378 413 3440 29.
427 3381 465 3443 τὰ
488 3381 620 3466 βρόβιλα
642 3381 729 3464 ξείνῳ
750 3380 921 3463 ρυτιδώδεα
940 3381 1033 3464 γήραϊ
1052 3377 1136 3448 δέξαι

430 3465 563 3547 σκληρός
583 3465 772 3549 μαλθάσσειν
793 3465 943 3549 γαστέρας
962 3462 1107 3547 ἁρμόδια.

303 3546 499 3622 13,101.σοὶ
516 3549 587 3614 τόδε
603 3549 738 3634 Θήσείου
754 3549 981 3634 προνομεότρια
993 3544 1214 3631 πέμψενὛμή·

428 3630 593 3704 Παλλάδος
603 3635 638 3698 ἐκ
648 3634 787 3744 ξυλόχων
798 3634 856 3716 ήδδ
869 3635 1000 3718 μέλισσα
1009 3633 1108 3715 γόνος.
1129 3635 1214 3710 [ττου

303 3718 434 3796 13105.
450 3717 477 3779 εἰ
489 3719 574 3803 δοίης
586 3718 734 3788 Σικελοὺς
752 3718 855 3804 Υβλης
870 3719 942 3793 ἄπο,
963 3717 1074 3780 τοόσδε
1086 3715 1215 3798 καλοίης
