2884 4650
626 615 663 675 19

186 787 300 845 Famae
324 784 476 861 stigmata,
501 786 632 844 nominis
656 786 774 857 lituras,
806 788 810 793 “

189 871 303 948 Speras
322 869 393 928 olim
411 869 530 928 abolere
551 891 664 947 posse;
685 872 806 929 frustra.

189 955 264 1016 Cum
288 956 397 1013 vulnus
420 955 498 1027 coiit,
520 964 621 1013 manet
643 956 783 1013 cicatrix:

187 1040 287 1116 thue
309 1039 436 1098 infamia
454 1039 562 1099 vulnus
587 1048 634 1099 est
655 1041 795 1110 honoris,-

188 1126 235 1182 Ita
254 1125 421 1203 ignominia
442 1125 506 1183 eius
528 1133 575 1183 cst
597 1126 732 1183 cicatrix.

193 1296 238 1352 13.
279 1294 339 1376 De.
357 1293 476 1365 Sabino,
508 1313 589 1369 quem
609 1283 760 1370 sponsione
787 1295 863 1352 mille
885 1313 920 1352 ac
947 1294 1098 1350 ducentum

220 1397 374 1437 aureorum
380 1388 565 1456 provocarat,
577 1383 780 1456 tarqiversonte
788 1379 946 1454 triumphat
952 1376 1071 1435 Auctor.

191 1464 277 1539 Quod
296 1463 462 1521 Fontenaci
485 1483 577 1521 verna
598 1485 657 1522 non
681 1465 820 1537 viriliter,

191 1550 287 1624 Quam
311 1549 421 1607 stultus
443 1549 562 1606 hostem
584 1551 765 1625 provocavit,
790 1547 915 1623 excipit:

191 1634 280 1709 Quod
303 1633 472 1709 sponsione
493 1634 553 1690 iam
576 1635 748 1707 lacessitus,
770 1643 872 1692 tamen

189 1719 373 1790 Frustratur,
396 1725 426 1775 et
444 1718 580 1791 calvitur,
605 1727 634 1776 et
655 1720 762 1796 pedem
785 1720 886 1778 struit:

190 1804 333 1862 Extrema
354 1823 446 1860 arena
465 1804 542 1878 quod
565 1804 698 1879 Quirites
722 1806 868 1863 invocans
964 1828 987 1842 ··

157 1903 160 1912 ·
190 1889 359 1947 Indebitam
383 1889 510 1945 antehac
531 1889 708 1948 missionem
728 1889 871 1966 postulat,

190 1973 260 2033 Non
284 1993 370 2032 crure
392 1982 483 2046 secto,
507 1994 564 2030 non
586 1974 731 2032 lacertum
752 1975 884 2044 saucius,

189 2058 257 2117 Non
284 2059 370 2116 hoste
392 2058 469 2116 viso:
494 2059 548 2117 sed
570 2061 660 2116 tubae
682 2058 784 2118 audito
810 2078 883 2117 sono

87 2175 88 2190 ι
191 2144 309 2220 Turpes
333 2143 469 2202 latebras
489 2143 605 2218 quaerit
625 2144 773 2222 exanguis
794 2152 890 2201 metu:

189 2229 250 2288 Vos
274 2227 452 2287 Gallicanae
472 2227 572 2286 lumen
597 2247 632 2286 ac
652 2229 743 2286 decus
766 2236 854 2306 togae

190 2315 302 2390 (Quam
327 2333 394 2371 cum
408 2311 539 2373 Sabinus
563 2315 691 2390 sumpsit
711 2314 793 2387 olim,
811 2312 948 2391 luppiter

190 2400 275 2458 Tunc
297 2400 464 2473 inquinavit
486 2418 562 2457 aere
578 2407 697 2476 tempus
718 2402 855 2476 aureum)

188 2484 260 2558 Vos,
284 2484 466 2559 caeterique,
491 2484 540 2559 qui
562 2485 744 2561 voluptatem
765 2484 888 2543 auribus

189 2570 256 2628 Huc
276 2577 460 2645 aucupatum
481 2570 709 2627 concucurristis
733 2569 835 2641 domo,

189 2656 289 2715 Abite.
323 2654 413 2712 abite.
458 2654 524 2711 Iam
544 2662 591 2712 sat
614 2663 670 2725 cst,
692 2655 759 2712 vici.
804 2654 885 2730 Quia

189 2740 277 2797 Vinci
298 2746 428 2811 veretur,
449 2747 497 2797 sat
518 2736 650 2799 Sabinus
673 2739 770 2797 victus
790 2747 846 2798 est.

190 2826 291 2897 Abire,
315 2825 384 2883 vici.
427 2822 487 2883 Sed
510 2844 607 2881 meam
628 2824 785 2883 victoriam

188 2910 256 2968 Non
277 2917 419 2967 aeneator
440 2909 626 2985 praedicabit
650 2910 806 2982 Isthmius,

87 3010 89 3059 ῑ
189 2994 257 3053 Non
279 2994 434 3052 laureatae
458 2994 641 3052 nunciabunt
660 2995 777 3052 literae.

189 3080 256 3138 Non
276 3098 326 3137 me
349 3080 516 3136 trahentem
539 3078 645 3136 aulaea
663 3081 814 3156 palmatae
833 3088 932 3157 togae,

191 3166 325 3241 Viaeque
348 3165 465 3239 equinis
490 3172 584 3222 strata
603 3163 796 3240 plaudentem
816 3164 936 3243 ungulis

88 3258 89 3333 l
190 3250 270 3310 Ebur
294 3249 396 3307 curule
419 3250 505 3309 sistet
525 3250 557 3305 in
581 3249 656 3307 clivo
676 3250 772 3321 Iovis,

191 3335 253 3393 Iovi
273 3334 415 3393 Faliscae
439 3335 604 3393 debitorem
626 3335 773 3393 victimae.

192 3418 258 3478 Non
279 3420 441 3478 bracteatis
460 3418 615 3477 ventilabit
636 3420 776 3479 laudibus

192 3504 280 3582 Volgi
302 3505 442 3582 sequacis
465 3504 585 3577 clamor,
609 3513 660 3562 aut
682 3505 843 3581 Quiritium

193 3588 292 3647 Paean
312 3609 448 3649 canorus.
473 3608 534 3648 non
555 3590 658 3649 iocosa
679 3591 825 3650 montium

194 3672 294 3752 Imago
318 3674 408 3733 claris
430 3675 564 3733 intonata
585 3675 744 3752 plausibus

89 3803 90 3825 1
194 3758 322 3819 Victoris
345 3778 433 3817 aures
456 3758 633 3835 personabit
651 3760 755 3838 gloria.

90 3924 91 3933 ἵ
194 3842 315 3904 Plebeia
334 3845 428 3921 pulpa
450 3845 550 3903 ductet
571 3847 645 3931 haec
667 3845 832 3918 famelicos,
