2884 4650
551 498 702 593 Q

163 672 320 729 Immaues
341 670 465 746 indepte
485 688 504 727 a
523 668 603 742 Diis,
626 667 819 741 Salisubsule
838 667 941 743 Liber,

163 757 292 815 Mavors
312 752 475 827 Nerienes,
497 753 627 813 Volcani
649 754 769 831 purima
788 753 900 812 virtus:

164 842 209 899 Et
225 838 295 897 Dea
313 838 501 917 Spumigena
519 858 619 899 rerum
636 839 756 897 infinita
775 845 925 913 potestas.

166 927 209 985 Et
229 932 262 981 tu
286 924 378 982 etiam
389 925 590 1001 omnipotens,
610 924 680 983 Rex
690 924 822 983 maxime
834 920 1083 983 Summauorumz

163 1007 251 1070 Diva
271 1009 409 1083 Iuventa,
435 1010 586 1083 Paruum,
606 1010 731 1069 neronis
753 1008 879 1066 numina
901 1007 1006 1087 sangi,

164 1094 322 1153 Iustitiam
342 1102 510 1172 augustam,
528 1104 618 1169 atque
639 1102 798 1173 augustam
817 1094 977 1166 Pietatem,

167 1181 329 1253 Obtestor,
352 1198 511 1256 pusasque·
525 1180 606 1239 viras
628 1187 657 1239 et
678 1180 804 1237 numina
823 1179 932 1253 Fauni,

165 1267 379 1339 Iunonemque
402 1284 521 1324 sacram
544 1266 629 1324 Iovis
653 1260 862 1341 omnipotenti'
883 1266 1034 1337 maritam,

164 1351 438 1431 Mammuriamque
449 1350 560 1407 almam
572 1370 635 1425 oro,
648 1349 896 1424 Novensilesque
919 1348 1083 1423 Camenas,

166 1436 420 1512 Temperiasque,
442 1435 696 1511 Venustatesque,
718 1435 861 1511 Annique
880 1434 1014 1495 labores.

166 1521 323 1579 Latonum
348 1520 548 1578 cincinnatam
572 1542 638 1594 oro,
662 1529 692 1579 et
714 1521 857 1579 Murciam
877 1539 1046 1595 amoenam,

165 1607 343 1683 Armigeros
368 1604 478 1678 Salios,
501 1607 706 1687 Lucumones,
730 1605 986 1680 Grunduliosqne,

165 1695 269 1765 Atque
292 1699 381 1768 potes
404 1691 514 1764 Divos,
535 1692 619 1751 Iovis
642 1691 814 1749 immortale
834 1710 1028 1770 propagmen.

164 1776 331 1850 Idaiosque
356 1774 513 1849 Camillos,
539 1786 569 1835 et
589 1778 739 1853 sirempse
760 1776 893 1834 Deorum
1051 1788 1053 1793 ·

165 1861 351 1920 Mercurium
370 1879 541 1934 accensum,
572 1869 603 1918 et
623 1862 727 1919 Iuritis
749 1861 979 1934 cortumionem,

166 1947 209 2005 Et
231 1953 349 2003 noctem
371 1946 482 2003 Maiam
504 1948 648 2019 obtestor,
668 1946 827 2020 lucemque
846 1945 920 2003 diei:

168 2032 250 2089 Tum
273 2030 399 2103 Fidiam,
427 2039 489 2088 tum
510 2030 570 2089 Fas
595 2038 625 2089 et
645 2032 768 2089 Festum
790 2031 856 2088 iura
877 2030 1041 2089 (letantem.

168 2115 392 2190 Saturnumque
412 2122 442 2173 et
463 2115 579 2191 Opem,
601 2116 742 2192 pallaque
761 2115 913 2173 Veniliam
932 2116 1082 2187 amictam,

167 2202 386 2275 Oceanumque
407 2219 485 2260 voco
509 2220 661 2279 magnum,
685 2200 863 2277 Oceanique
879 2201 1009 2277 puellas,
1043 2254 1046 2259 .

167 2288 210 2347 Et
229 2286 309 2346 vires
327 2285 515 2360 Telamonis,
537 2294 566 2344 et
586 2286 663 2346 Aevi
684 2286 806 2363 saecula
826 2287 931 2370 fessa,
961 2348 964 2351 ,

168 2373 367 2448 Tempusque
380 2379 641 2447 aeteruum,atque
654 2373 776 2449 paludis
787 2373 924 2453 sagmina
932 2374 1082 2432 Avernae.

167 2457 415 2532 Mulciberosque
434 2455 532 2530 Deos,
552 2458 713 2533 lumenque
732 2459 851 2516 illustre
871 2459 1021 2530 Monetae,

167 2543 210 2602 Et
223 2543 345 2600 Manum
353 2541 494 2615 Genium,
504 2551 592 2616 atque
600 2544 710 2601 lucum
724 2542 896 2603 mortalium
906 2543 1082 2616 homonum,

167 2627 391 2701 Caelestesque
413 2628 503 2686 Ioves
526 2635 616 2704 atque
638 2629 758 2701 Aerios,
780 2636 811 2686 et
833 2631 1000 2702 Aqnantes,

167 2713 346 2772 Terrestres
366 2712 467 2785 etiam,
495 2721 525 2770 et
546 2711 727 2773 Summanos
752 2712 955 2790 Igniviosque,

166 2799 211 2869 Et
232 2795 394 2870 Semelam,
419 2806 449 2855 et
466 2797 572 2856 Brumi
591 2799 731 2856 sanantes
750 2799 808 2856 rite
831 2799 979 2856 cohortes.

167 2885 317 2942 Matutam
335 2882 525 2956 Albumeam,
543 2883 799 2958 Portumnumque
818 2884 1062 2959 omnipotentem.

168 2970 211 3027 Et
233 2966 379 3026 Graecam
399 2965 568 3042 Nemesim,
592 2976 622 3026 et
642 2988 753 3028 numen
776 2967 930 3027 Victoriae
954 2969 1040 3027 Aias.

167 3047 238 3112 Nec
258 3073 317 3110 non
339 3053 489 3128 patrinum
509 3053 672 3114 coelestem
690 3054 884 3130 Aesclapium
903 3054 1049 3112 amicum·

167 3139 211 3198 Et
231 3139 468 3214 perterricrepae
488 3157 571 3196 arma
591 3139 757 3213 Minervae,
780 3148 810 3197 et
828 3139 950 3198 flemina
967 3139 1073 3208 bruta,-

167 3223 370 3298 Fulmiuaque
387 3231 475 3298 atque
494 3231 600 3302 arguta
613 3225 718 3299 quadri
735 3224 938 3282 modulamina
947 3221 1063 3294 Mundi,

168 3309 331 3382 Maesium,
357 3307 666 3382 Caenarem,Div1lm
689 3310 867 3383 Latiamque
885 3314 1051 3383 parantem,

170 3392 404 3471 caelestemque
411 3394 602 3468 Lubentiam,
614 3401 644 3454 et
655 3396 819 3472 indigetem
826 3393 926 3451 Deum
934 3392 1083 3454 Adonem.

169 3479 360 3555 Principium
377 3489 407 3538 et
418 3481 520 3554 finem,
534 3499 662 3555 nemque
676 3479 730 3537 ille
745 3487 792 3538 est
802 3472 937 3541 ¹omnibu'
956 3483 1062 3538 totum.

214 3563 284 3624 Hos
305 3565 393 3622 mites
414 3584 522 3642 precor
542 3565 758 3624 adventassere
782 3563 905 3620 numine
925 3561 1008 3621 laeto

169 3650 220 3710 Ad
243 3668 309 3708 mea
330 3651 461 3722 Februa,
481 3661 511 3708 et
528 3650 629 3708 inferii
649 3649 794 3711 libamina
817 3647 905 3712 sacri.

148 3797 152 3804 ,
215 3735 362 3794 Obteator
381 3734 515 3793 Triviam
536 3734 684 3792 Deianam
709 3732 964 3815 caeligenamque
989 3774 991 3777 -
