2884 4650
1210 517 1327 577 uz

337 680 674 762 Κώνωπος
717 680 951 765 ἐλέφας
993 679 1182 752 Ἰνδὸς
1228 683 1342 746 οὐκ
1384 683 1745 766 ἀλεγίζεται.

338 764 737 852 Κωφότερός
775 765 957 840 ἐστιν,
1005 766 1044 849 ἢ
1090 764 1448 852 Τορωναῖος
1494 769 1694 851 λιμήν.

341 853 576 936 Λαβὼν
625 849 860 918 ἀπόδος
902 849 1194 934 ἄνθρωπε
1235 854 1338 916 καὶ
1384 853 1555 937 λήψῃ
1603 854 1804 915 πάλιν.

342 937 537 1017 Λαγὼ
586 935 717 1019 βίον
767 935 959 1017 ζῇς.ὂ
1000 936 1136 1018 πρὶν
1181 936 1450 1022 ἄτρομος
1491 935 1674 1000 λέων.
1749 942 1756 953 “

344 1022 579 1084 Λαλεῖν
630 1017 895 1102 ἄριστος,
942 1019 1410 1090 ἀδυνατώτατος
1457 1020 1676 1104 λέγειν.

344 1103 565 1186 Λέγειν
619 1103 728 1184 μὲν
774 1103 1050 1188 αἰσχρὸν,
1096 1107 1197 1168 καὶ
1244 1110 1555 1188 σιωπῆσαι
1595 1106 1772 1190 βαρύ.

344 1188 553 1271 Λεπτή
598 1187 892 1255 τις.ἐλπὶς
938 1186 1063 1250 ἔστ’
1116 1190 1216 1272 ἐφ’
1264 1190 1341 1272 ἧς
1381 1189 1727 1274 ὀχούμεθα.

339 1273 590 1340 -Λευκὸς
622 1270 994 1356 Ἀφροδίτης
1039 1274 1164 1357 εἰμὶ
1202 1275 1317 1358 γὰρ
1361 1275 1736 1359 περιστερός.

349 1359 605 1422 Λευκῶν
653 1355 769 1439 γὰρ
815 1355 995 1419 οὐδὲν
1040 1357 1289 1442 ὄφελος,
1331 1360 1385 1421 εἰ
1435 1360 1518 1442 μὴ
1570 1362 1981 1442 σκυτοτομεῖν.

349 1441 792 1525 Λεωτρεφίδου
837 1442 1172 1526 λεπτότερα
1214 1444 1316 1507 καὶ
1362 1442 1807 1526 Θαυμαντίδος.

352 1527 502 1589 Λίαν
552 1527 751 1610 φιλῶν
794 1529 1047 1590 σεαυτὸν
1103 1528 1223 1613 οὐχ
1269 1529 1423 1597 ἕξεις
1462 1529 1659 1612 φίλον.

350 1611 542 1677 Λίθος
582 1609 1021 1691 κυλινδόμενός
1056 1635 1127 1694 γε
1173 1617 1365 1697 φῦκος
1416 1613 1490 1675 οὐ
1538 1616 1724 1676 ποιεῖ.

353 1695 550 1777 Λιμὴν
594 1693 852 1778 ἀτυχίας
898 1694 1054 1757 ἐστὶν
1106 1697 1458 1780 ἀνθρώποις
1501 1697 1707 1783 τέχνη.

354 1780 531 1864 Λιμῷ
571 1777 687 1861 γὰρ
733 1778 914 1840 οὐδὲν
958 1777 1114 1842 ἔστιν
1163 1783 1462 1844 ἀντειπεῖν
1511 1781 1676 1850 ἔπος.

353 1863 579 1946 Λόγοις
620 1862 881 1947 ἀμείβου
929 1864 1031 1926 τὸν
1075 1863 1280 1947 λόγοις
1314 1866 1610 1928 πείθοντά
1656 1888 1742 1928 σε.

354 1947 550 2031 Λόγος
589 1948 705 2032 γάρ
750 1947 876 2009 ἐστι
914 1949 1239 2032 φάρμακον
1286 1950 1486 2033 λύπης
1529 1950 1734 2032 μόνον.

353 2032 589 2115 Λόγους
619 2032 747 2179 qd?
767 2028 1186 2117 ,Ἑρμόδωρος
1232 2034 1662 2118 ἐμπορεύεται.

352 2117 530 2201 Λόγῳ
573 2115 641 2200 μ’
722 2138 936 2184 πεισας
988 2120 1295 2202 φαρμάκῳ
1342 2122 1705 2205 σοφωτάτῳ.

352 2202 541 2264 Λυδοὶ
580 2201 861 2284 πονηροὶ,
910 2198 1086 2265 δεύ’τε
1130 2226 1189 2265 οι
1230 2203 1284 2266 δ’
1333 2203 1674 2286 Αἰγύπτιοι,

433 2286 624 2371 τρίτοι
674 2286 742 2349 δὲ
792 2288 1035 2351 πάντων
1079 2226 1283 2372 Rape<
1328 2288 1753 2360 ἐξωλέστατοι.

352 2371 650 2455 Λυχνεῖον
699 2371 1094 2455 ἐκζητοόμεν·
1126 2373 1393 2459 ἅψαντες
1435 2374 1681 2460 λύχνον.

352 2454 605 2537 Μαγάδι
644 2457 897 2539 λαλήσω
949 2459 1156 2541 μικρὸν
1201 2455 1331 2540 ἅμα
1375 2460 1473 2521 σοὶ
1513 2462 1613 2522 καὶ
1661 2459 1835 2542 μέγα.

352 2538 652 2605 Μαλέαδε
693 2542 941 2625 κάμψας
990 2542 1288 2605 ἐπιλάθου
1335 2549 1455 2605 τῶν
1509 2542 1741 2606 οἴκαδε.

351 2626 583 2691 Μάντις
620 2624 680 2706 γ’
732 2624 996 2707 ἄριστος,
1038 2626 1199 2695 ὅστις
1244 2629 1474 2699 εἰκάζει
1518 2632 1742 2697 καλῶς.

351 2708 815 2791 Μαρυανδυνῶν
866 2710 1140 2793 μέμνησο
1185 2712 1630 2796 θρηνητηρίων.

350 2794 603 2858 Μάταια
642 2792 697 2856 τ’
746 2792 907 2857 ἄλλα
947 2796 1116 2878 παρὰ
1164 2794 1466 2879 Κρότωνα
1503 2798 1556 2859 τ’
1606 2798 1814 2862 ἄστεα.

350 2877 550 2942 Μέλει
584 2877 699 2961 γὰρ
742 2878 957 2961 ἧσσον,
998 2881 1037 2962 ἢ
1085 2883 1392 2965 χελώναις
1429 2889 1550 2944 τῶν
1603 2888 1816 2966 μυιῶν.

349 2961 526 3026 Μετὰ
574 2961 687 3046 γὰρ
732 2963 1077 3028 νοσούντων
1120 2968 1223 3029 καὶ
1267 2968 1334 3028 τὸ
1386 2967 1713 3049 μαίνεσθαι
1757 2966 1966 3031 καλόν.

349 3045 677 3127 Μετῆλθεν
720 3048 759 3129 ἡ
800 3047 1033 3130 Ἀμαία
1076 3054 1181 3132 τῆν
1228 3049 1540 3133 ,Αζησίαω
1853 3111 1861 3120 ,

349 3129 453 3214 Μή
505 3153 611 3212 μοι
647 3132 785 3194 ποτ’
834 3130 1045 3217 ἔλθῃς,
1088 3134 1229 3197 ὅταν
1274 3136 1395 3217 ἐγὼ
1434 3140 1680 3220 πράττω
1717 3139 1938 3203 καλῶς.

349 3215 453 3298 Μὴ
501 3218 979 3301 μνησικακήσῃς,
1035 3220 1089 3281 εἰ
1127 3219 1198 3281 σὺ
1248 3219 1461 3304 Φυλὴν
1509 3222 1865 3306 κατέλαβες-

349 3299 453 3381 Μὴ
501 3302 654 3383 πρὸς
696 3302 918 3364 λέοντα
963 3303 1186 3387 δορκὰς
1233 3304 1474 3389 ἅψομαι
1521 3309 1738 3391 μάχης.

349 3383 453 3466 Μὴ
503 3384 785 3447 σύντονον
833 3388 1040 3463 δίωκε,
1086 3389 1225 3472 μήτ’
1272 3390 1592 3474 ἀνειμένην

435 3470 594 3531 ἰαστὶ
638 3474 897 3552 μοῦσαν,
942 3473 1103 3536 ἀλλὰ
1147 3472 1253 3535 τὰν
1300 3474 1491 3557 μέσαν
1534 3474 1708 3536 νέων.

348 3550 455 3636 Μὴ
504 3552 569 3614 δ’
610 3552 688 3616 αὖ
734 3555 1021 3641 ἀγροίκου
1070 3557 1326 3641 ῥήτορος
1357 3554 1759 3639 καταφρόνει.

347 3634 455 3720 Μὴ
510 3641 716 3720 μεῖζον
764 3639 922 3704 ἔστω
967 3646 1074 3705 τοῦ
1122 3646 1277 3711 νεὼς
1318 3645 1385 3705 τὸ
1431 3641 1700 3725 φορτίον.

350 3718 453 3805 Μὴ
500 3722 752 3803 τούμὸν,
800 3726 959 3790 ἀλλὰ
998 3728 1100 3790 καὶ
1148 3729 1216 3791 τὸ
1263 3728 1367 3790 σὸν
1414 3727 1608 3809 φῦλον
1660 3724 1891 3790 σκόπει.

1967 3644 2161 3726 [τῆςῒ]

2707 139 2721 185 „A

2712 337 2721 478 Asta—„1

2345 3340 2748 4391 ὃ
