2884 4650
619 528 680 586 353

192 694 377 752 Trahentem
400 696 437 752 ab
459 698 561 753 Aeaco
585 704 675 773 atque
694 697 810 755 Perseo
832 716 939 775 genus,

191 785 221 838 A
240 779 402 839 Temeneia
424 800 482 837 non
502 781 608 855 procul
628 782 787 841 natalibus.

192 864 254 926 Sed
277 872 426 923 mortuum
447 865 530 923 illum
552 866 651 943 Perga
671 886 761 925 mons
783 866 970 943 Tyrrhenius

189 951 228 1008 In
249 948 424 1027 Gortynaeo
446 951 553 1009 condet
574 952 708 1011 ustrinae
730 952 833 1010 situm:

191 1034 268 1094 Cum
287 1035 487 1093 lacrumanter
506 1037 622 1094 occidet
644 1045 767 1112 propter
786 1038 896 1094 malum

189 1119 324 1195 Natique
346 1120 554 1198 coniugisque,
576 1140 663 1196 quam
684 1122 778 1180 frater
799 1138 911 1179 necans

191 1206 305 1265 Orcum
330 1206 479 1264 secundus
500 1214 641 1281 postuma
663 1208 712 1263 via
732 1215 825 1281 petet,

191 1288 309 1349 Caesus
334 1292 449 1349 sororis
470 1310 544 1349 ense
565 1292 686 1350 funesto
708 1293 819 1369 gulam,

191 1374 360 1435 Glaucouis
382 1376 564 1452 Absyrtique
588 1378 730 1435 sobrinae
751 1378 915 1453 improbae.

190 1460 252 1518 Hic
274 1468 320 1517 tot
341 1460 436 1518 ruinis
457 1468 558 1535 totque
580 1462 748 1520 cumulatus
768 1463 866 1534 malis,

190 1544 335 1606 Secundo
358 1545 452 1603 adibit
473 1546 574 1605 Ditem
598 1547 824 1620 inexorabilem,

190 1628 250 1689 Cui
270 1629 370 1689 nullus
393 1650 520 1705 unquam
545 1632 638 1691 sudus
660 1633 761 1691 arrisit
779 1634 854 1691 dies.

190 1716 220 1775 Ο
244 1734 331 1791 quam
354 1715 409 1773 tibi
432 1719 604 1790 praestabat
626 1736 695 1775 esse
715 1718 747 1774 in
771 1719 877 1792 patria,

188 1800 323 1873 Miselle,
347 1810 446 1859 tauros
470 1802 517 1859 vel
540 1803 680 1860 colonum
703 1804 816 1860 rustico

188 1887 300 1963 Iugare
322 1886 448 1943 asellum
473 1888 529 1944 sub
550 1888 628 1945 coho
651 1886 848 1958 cantherium,

188 1971 285 2030 Fictis
307 1970 415 2029 furoris
436 1970 635 2029 insolescenti
654 1971 740 2045 dolis,

169 2107 173 2114 .
191 2056 290 2131 Quam
312 2064 358 2113 tot
378 2055 480 2115 subire
500 2055 631 2113 luctuum
655 2055 838 2114 discrimina.

169 2144 232 2200 ,At
255 2142 362 2199 anxius
384 2140 431 2198 vir
454 2141 612 2219 coniugam
634 2148 748 2216 raptam
772 2148 927 2215 expetens.

188 2228 231 2285 Et
251 2226 408 2302 augurales
431 2226 563 2284 ominum
581 2226 706 2283 audiens
728 2233 829 2296 notas,

189 2317 306 2371 Amore
325 2311 434 2387 spectri
455 2311 645 2390 pervagantis
667 2312 791 2370 aethera

190 2396 276 2470 Quae
298 2417 360 2455 non
382 2398 495 2454 marina
516 2398 627 2473 templa
648 2392 895 2473 perscrutabitur,

190 2481 276 2555 Quae
298 2502 360 2540 non
379 2501 455 2559 vaga
475 2483 615 2542 lustrabit
636 2501 706 2540 arva
729 2482 883 2557 indagine.

189 2567 296 2626 Primo
318 2568 437 2642 quidem
458 2568 635 2644 Typhonios
659 2576 761 2624 cernet
782 2585 901 2641 specus,

189 2661 352 2728 Anumque
373 2671 447 2710 saxo
471 2655 603 2711 membra
628 2653 764 2710 duratam
788 2669 910 2727 aspero,

189 2737 259 2796 Nec
281 2758 343 2795 non
362 2738 522 2796 Erembum
543 2739 678 2816 cognitas
703 2737 868 2812 piscatibus

189 2819 290 2898 Ripas
313 2823 450 2881 hiantes:
479 2833 566 2898 atque
590 2823 744 2879 adulterae
765 2821 909 2896 inclytum

191 2907 336 2984 Myrrhae
358 2908 473 2965 videbit
495 2908 646 2985 oppidum,
670 2908 755 2965 cuius
775 2914 890 2964 uterum

190 2993 320 3051 Levavit
343 2993 513 3052 obstetricis
535 2994 653 3052 arboria
674 2993 765 3050 liber:

191 3080 233 3137 Et
255 3079 325 3134 fleta
347 3077 472 3135 multum
496 3080 585 3138 busta
606 3077 755 3136 (lauantis
778 3094 850 3135 suae

191 3163 308 3236 Herae,
328 3161 485 3239 Hospitali
507 3164 641 3238 Vici[a]e
663 3163 756 3240 Iugae
775 3163 866 3219 deae:

192 3246 291 3320 Quem
310 3255 379 3305 trux
398 3249 514 3308 bisetus
535 3249 626 3306 dente
648 3267 722 3305 cano
744 3245 901 3305 conscidit.

191 3337 289 3392 Arcas
309 3333 423 3390 videbit
443 3353 498 3391 nec
522 3336 620 3392 minus
645 3332 826 3408 Cepheidas,

190 3417 261 3477 Nec
283 3437 346 3476 non
367 3416 485 3477 Camilli
503 3421 650 3479 lubricum
669 3418 789 3494 pulsum
812 3413 912 3489 pedis,

192 3508 332 3577 Arasque
353 3503 498 3578 duplices,
519 3525 594 3583 quas
617 3503 703 3580 dapis
728 3499 866 3576 cupidine

192 3589 292 3648 Bocas
314 3588 434 3662 subivit,
456 3608 510 3664 pro
537 3598 637 3666 parata
657 3587 773 3662 virgine

191 3673 308 3733 Hiante
330 3673 415 3730 fauce
437 3693 546 3749 corpus
566 3675 740 3749 Aurigenae
761 3685 885 3738 vorans,

192 3758 347 3818 Rimantis
370 3768 451 3830 exta,
473 3760 611 3830 masculi,
632 3754 880 3897 plumigradae:23
