2884 4650
698 507 848 603 -1—9-4—

321 674 464 757 δεύτερον,
485 674 504 756 ἡ
523 668 633 755 Ῥώμη
658 674 707 735 σολ
730 674 766 736 ἰώ
787 672 885 737 Παιὰν
911 670 1069 742 ἀλαλάζει.

364 759 428 822 αἰὲν
452 758 591 840 ἀνίκητον
615 761 680 820 σεῖο
704 756 792 825 πόλις
815 758 849 819 σὲ
872 756 940 841 βοᾷ.

321 842 391 909 ἄλλ’
417 842 466 904 ἵνα
489 841 687 927 χαρμοσύνης
706 842 827 903 πίσυνοι
849 839 1052 924 δραττώμεθα
1073 841 1201 923 μᾶλλον,

311 979 314 987 ,
359 926 555 1011 Σαρματικῆς
576 927 659 1010 νίκης
680 925 808 1009 ἄγγελος
830 926 922 993 αὐτὸς
943 924 1018 987 ἵκου.

321 1102 351 1174 8,
365 1099 411 1158 11.
430 1092 542 1177 Ῥῆνος
564 1099 628 1156 σεῖο
652 1092 741 1157 πόλει
765 1095 793 1155 ε’
809 1094 955 1179 ἐπίδημον
980 1094 1070 1157 ἐόντα
1091 1096 1212 1176 συνῆκε.

363 1185 417 1244 τοῦ
439 1182 517 1242 λαοῦ
540 1177 645 1263 φωνὰς
658 1179 714 1240 ’καὶ
735 1176 793 1262 γὰρ
814 1176 928 1241 ἄκουσε
945 1183 1027 1242 τεοό.

323 1263 416 1328 ἔθνεα
438 1263 659 1346 Σαυροματῶν,
674 1260 804 1345 Ἴστροιο
825 1285 857 1325 τε
879 1263 997 1348 ῥεῖθρα,
1022 1261 1118 1330 Γέτας
1140 1283 1172 1323 τε

364 1349 523 1430 πάνδημος
545 1350 657 1430 νεαρῆς
681 1345 774 1431 θροῦς
799 1347 926 1431 ἐτάραξε
948 1350 1056 1433 χαρᾶς.

327 1433 423 1517 μέσφ’
447 1432 528 1516 ίερδν
552 1430 677 1515 σέβεταί
702 1428 733 1493 σ)
757 1430 988 1515 ἐπισημασίαισι
1010 1422 1151 1514 θέατρον,

365 1517 459 1601 δίφρα
480 1516 597 1598 δράμον
621 1517 766 1599 τετράκις,
791 1516 922 1599 μηδενὸς
944 1513 1142 1597 αἰσθομένου.

323 1600 384 1685 οὐχ
408 1600 507 1668 οότως
526 1599 647 1683 ἐφίλησ’
672 1598 767 1663 ἄλλον
789 1624 811 1661 π
833 1600 918 1683 όμον,
942 1598 1012 1662 οότε
1035 1621 1069 1661 σε
1087 1594 1207 1682 Ῥώμη.
1279 1646 1285 1655 .

364 1684 437 1748 οὔτε
455 1683 550 1747 πλέον
570 1684 605 1747 σὲ
628 1687 739 1768 φιλεῖν,
760 1684 790 1746 κ’
813 1623 849 1767 ῆν
873 1684 980 1767 ἐθέλη,
1005 1683 1139 1747 δόναται.

322 1856 412 1929 8,15.
434 1851 528 1936 μέσφ’
551 1853 570 1935 ῆ
595 1852 764 1915 Παννονίου
789 1852 854 1934 νίκη
875 1849 1025 1935 πολέμοιο
1048 1851 1196 1935 θροεῖται,

364 1943 409 2024 τῷ
433 1936 482 2000 Διῒ
502 1937 555 2000 καὶ
575 1936 645 1999 θόει
666 1940 725 2004 πᾶς
749 1935 999 2021 ἐπανερχομένῳ,

324 2024 384 2091 πᾶς
405 2020 573 2105 λιβανωτόν
597 2021 657 2089 ἕως
677 2020 794 2098 ἱππεὺς,
815 2022 910 2105 βουλή
932 2044 964 2083 τε
988 2021 1105 2098 διδωσι,

369 2109 473 2191 φυλῶν
493 2104 521 2167 τ’
543 2105 702 2168 Αὐσονίων
724 2104 761 2167 τὰ
782 2105 865 2189 τρίτα
888 2106 975 2188 δῶρα
992 2105 1091 2183 πέλει,

326 2192 473 2275 μν’σεται
492 2191 512 2271 ῆ
533 2185 642 2272 Ῥώμη
663 2189 772 2252 τούτου
795 2190 935 2274 κρυφίοιο
957 2190 1122 2276 θριάμβου,

397 2275 466 2339 αιάν
489 2272 520 2337 τ’
536 2274 658 2359 εἰρῆνης
681 2273 717 2337 οὐ
742 2272 846 2358 μικρός
867 2274 928 2337 ἐστι
949 2278 1029 2358 τεῆς,

326 2365 381 2444 τῆς
404 2359 490 2442 όσίης
510 2359 556 2422 ότι
577 2366 636 2422 τῶν
660 2359 744 2422 ἰδίων
767 2358 797 2421 εἴ
817 2360 939 2443 μάρτυς.
954 2359 1103 2429 Ἄνακτος

369 2445 431 2507 ἐστὶ
453 2447 562 2524 καλοῦ,
585 2448 698 2526 γνῶναι
716 2443 788 2512 τοδς
812 2444 1087 2526 ὑποτασσομένους.

326 2617 413 2688 6,80.
435 2611 586 2696 Αἴγυπτος
609 2611 768 2697 φιλότιμος
787 2612 943 2675 ἀπέστειλ’
966 2617 1008 2682 ώς
1023 2614 1088 2691 νέα,
1099 2613 1232 2700 Καῖσαρ,

370 2698 456 2781 δῶρα
475 2720 518 2781 χα
539 2696 674 2780 ιζομένη,
698 2698 746 2759 σοί
769 2696 845 2782 ῥόδα
863 2700 1031 2782 χειμερινά.

326 2780 489 2928 Μεμφίτης
510 2721 647 2865 (δαμίους
668 2781 779 2865 ναύτης
802 2781 952 2867 ἐχλεόασε
974 2785 1090 2866 κῆπυυς

370 2865 405 2927 οὐ
428 2865 461 2928 δν
486 2865 679 2949 ἐπεμβαίνων
703 2865 852 2950 ὑμετέρης
872 2864 989 2935 πόλιος.

326 2949 434 3014 τόσσον
458 2946 512 3033 ἄρ’
536 2952 612 3032 ῆρδς
632 2949 767 3033 ἄγαλμα,
788 2950 863 3034 τόση
885 2952 975 3035 χάρις
995 2950 1076 3015 ἔπνε’
1102 2953 1234 3038 όδωδῆς,

369 3033 477 3097 τόσσον
501 3031 681 3096 Παιστανῶν
703 3034 741 3118 ῆν
765 3035 919 3118 ἀγλάϊσμα
941 3035 1055 3100 πέδων.

328 3118 412 3202 όππη
437 3117 494 3201 γὰρ
518 3117 670 3202 μετένεηκ
693 3118 713 3201 ῆ
737 3119 790 3202 μὲν
811 3119 920 3195 πόδας,
941 3121 980 3204 ῆὲ
1002 3122 1052 3184 καὶ
1076 3121 1171 3207 ὄψεις,

370 3207 428 3271 πᾶς
449 3203 640 3286 στεφάνοισιν
661 3200 679 3265 ἔ
700 3226 714 3263 ν
731 3207 835 3288 χῶρος
855 3204 1033 3286 ἐρευθιόων.

328 3288 409 3352 ἀλλὰ
431 3287 468 3350 σθ
489 3292 650 3435 φειμερινῆ
666 3226 793 3370 Ῥώμης
813 3291 980 3372 νικώμενος
1003 3292 1069 3374 ώρη

826 3371 857 3393 (Ι

369 3370 474 3451 Νεῖλε,
518 3372 641 3456 ερισμδν
663 3372 713 3435 ἐδν
737 3372 801 3452 δός,
824 3395 839 3456 ρ
863 3374 901 3436 δα
921 3373 952 3436 δ’
975 3374 1129 3461 ἀντίλαβε.

331 3543 459 3614 13,127.
481 3537 970 3628 σοὶστεφάνους,ώΚαῒσαρ,όχει
996 3545 1234 3628 ὼνδῶκεπροώ·

371 3622 475 3708 εἴαρος
494 3623 532 3708 ῆν
555 3627 588 3689 τδ
608 3624 710 3708 ῥόδον,
731 3628 782 3688 νῦν
808 3625 842 3687 δὲ
858 3629 926 3690 τεδν
946 3568 1063 3711 γίῆονε.
1137 3633 1234 3714 [ρους.
1342 3649 1355 3670 τ

345 4311 424 4402 ,
619 4062 777 4414 θ
