2884 4650
737 515 799 577 382

313 690 515 765 Insperstum,
536 685 657 757 ardens,
679 686 812 745 viatricis
832 684 950 743 missile
969 686 1104 757 dextrae,

314 773 507 833 Omnivorum
530 772 638 829 insano
659 772 808 849 plangens
830 771 957 828 horrore
980 770 1149 842 tumultum,

312 858 506 929 Indomitum,
528 854 719 929 horriferum,
743 855 884 913 candenti
902 855 1022 912 flamine
1044 873 1207 933 praeceps.

313 942 507 1021 anlivagum
526 940 630 1013 telum,
651 942 750 1013 velox,
772 942 857 999 lovis
878 940 969 997 Elicii
987 959 1082 1012 arma,

314 1030 409 1105 Quem
421 1028 520 1088 tremit
532 1027 729 1102 omniparens
739 1026 856 1097 Tellus,
872 1044 958 1099 quem
971 1043 1120 1092 marmora
1131 1026 1229 1098 salsa,

312 1114 450 1189 Vivaque
473 1112 586 1183 saecla,
611 1130 706 1171 sonor
720 1121 843 1189 tergens
863 1128 932 1168 cum
949 1119 1098 1187 personat
1120 1129 1228 1171 aures:

312 1200 492 1257 Luminibus
516 1197 606 1273 fulgit
626 1198 757 1274 species,
781 1197 872 1253 rubra
891 1196 1013 1273 fulgura
1032 1196 1199 1272 splendent

312 1285 402 1343 Aeris
425 1284 458 1340 in
480 1281 586 1352 caulis,
609 1290 639 1337 et
658 1282 763 1339 tenuia
779 1280 914 1358 tegmina
937 1280 1090 1353 scindens,

313 1368 448 1443 Obnupti
472 1366 557 1426 Ooeli
577 1358 739 1424 candentia
760 1367 888 1423 fulmina
909 1374 1043 1439 torques.

312 1457 371 1515 Ast
390 1474 407 1510 o
429 1452 498 1524 Die,
520 1451 639 1509 effunde
664 1453 726 1511 iras
748 1451 827 1526 apud
851 1469 984 1525 aequora
1003 1450 1097 1521 salsa,

312 1540 361 1599 Et.
370 1546 514 1595 montana
534 1535 621 1613 iuga:
643 1537 722 1593 haud
734 1544 787 1593 tua
799 1536 914 1595 robora
925 1553 1033 1613 magne
1044 1536 1141 1592 latent
1158 1555 1228 1595 nos,

313 1623 375 1684 Sed
394 1624 499 1680 faveas
521 1622 627 1693 sacris,
650 1631 680 1678 et
702 1617 845 1679 mentibn'
868 1628 954 1698 grata
975 1621 1109 1697 repende

312 1708 400 1766 Vitai·
417 1708 498 1765 bona
519 1724 599 1778 cara,
622 1707 756 1783 vigentia
776 1726 870 1783 regna
892 1705 1010 1764 salutis.

312 1794 352 1853 Et
372 1811 478 1869 pacem
502 1791 625 1863 Divdm,
651 1792 795 1849 nutricem
822 1810 943 1867 semper
965 1792 1130 1848 honoram:

312 1880 352 1937 Et
373 1879 483 1935 vietum
504 1877 691 1951 aequanimis
713 1896 835 1953 semper
856 1876 1022 1934 rationibus
1045 1882 1160 1951 aptum.

316 2048 354 2107 19
461 2050 538 2105 Iocis
559 2048 703 2122 Fulpetrii
723 2048 863 2121 suffimen,
883 2046 1098 2103 libuocmunna.

313 2135 461 2194 Obtcstor
482 2150 634 2208 magnum,
660 2132 922 2207 perterricrepam,
946 2130 1153 2202 manifestum,
1196 2150 1205 2170 ·

312 2219 446 2290 Aerium,
471 2218 686 2289 flammantem,
707 2217 942 2294 ignicreperum,
964 2214 1141 2286 aerilncum,

311 2304 445 2364 Nubium
468 2302 662 2380 instigantem
685 2312 789 2361 aestus
810 2296 983 2380 singultibu’
1006 2300 1113 2374 brutis,

313 2390 514 2462 Horrendum‚
537 2390 689 2460 insanum,
711 2387 902 2459 indomitum,
923 2385 1082 2444 lustrabile
1102 2405 1228 2458 numen,

311 2475 548 2552 Fulgetrumque
569 2475 671 2532 Iovem
684 2473 943 2550 induperatorem,
967 2471 1227 2548 omnigencntem,

313 2560 447 2619 Tradere
469 2559 636 2618 inoffensae
656 2558 730 2617 vitai
751 2559 911 2616 terminum
935 2575 1105 2614 amoenum.

316 2731 357 2788 20
530 2731 712 2788 Nebulurum
732 2731 872 2804 suffimen,
893 2745 1001 2784 murra

312 2815 421 2876 Aeriae
445 2814 584 2886 nebulae,
608 2815 789 2892 aerivolgae,
809 2813 1043 2890 lmgiparcntes,

312 2899 511 2974 Imbriparae,
538 2918 593 2975 per
613 2901 756 2957 mundum
779 2900 911 2978 agitatae
931 2897 1105 2974 ingentibus
1127 2898 1227 2957 auris:

312 2984 500 3055 Fulmineae,
514 2985 640 3064 ignitae,
654 2993 819 3060 streperae,
832 2994 923 3060 atque
935 2983 1236 3058 humectivagantes‚¹

312 3071 402 3129 Aeris
423 3069 453 3127 in
477 3069 590 3147 gremio
613 3069 767 3129 hortantes
788 3068 951 3138 inamabile
973 3087 1122 3124 murmur:

312 3155 501 3215 Fluminibus
523 3155 630 3230 pulsae
654 3155 818 3213 stridentes
840 3157 953 3230 impete
978 3171 1097 3230 magno.

313 3240 404 3299 Nunc
424 3259 480 3300 vos
505 3239 678 3298 roscidulae
700 3239 833 3297 obtestor
859 3238 1043 3314 spirantibus
1066 3237 1161 3309 auris,

303 3325 518 3402 ¹Praecipitare
534 3325 646 3383 imbres
667 3324 699 3381 in
719 3332 829 3381 terram
851 3324 1073 3402 frugiferentes.

314 3493 352 3552 21
394 3497 489 3552 Dicas
509 3494 636 3553 Vecilioe
650 3463 787 3554 Salaciae
798 3495 938 3570 suffimen,
952 3497 1168 3554 libuuomonoa.

315 3579 431 3641 Oceani
451 3579 593 3638 inducalo
615 3588 646 3638 te
669 3581 778 3658 glauca
797 3579 919 3637 Venilia
939 3579 1051 3657 proles,

88 3657 92 3880 p
316 3653 531 3740 Caerulipallc,
552 3681 666 3764 pagana
689 3666 759 3725 loca
780 3683 835 3741 per
854 3665 1002 3722 laetantia
1019 3663 1123 3736 Ponti,

302 3749 743 4131 W
763 3749 906 3810 suavibus
930 3752 1022 3822 auris,
1042 3781 1045 3787 >

88 3915 90 3976 l

88 4122 306 4354 μί
428 4068 606 4354 If
622 4076 809 4354 fl
