2884 4650
699 535 849 630 *ao—0-

322 701 450 780 Indigna
475 721 578 762 eorum
598 704 679 762 faeta
699 723 769 764 sese
790 704 886 762 ultum
905 705 1011 780 probe.

253 787 304 841 305
320 786 370 846 Ad
388 795 461 847 ncta
481 806 599 848 rursum
619 797 698 848 tecta
721 789 889 866 regreditur
909 790 1047 867 gradum:

319 871 518 948 'Tandemque
542 875 652 934 mentis
673 875 705 932 in
728 882 909 950 potestatem
933 874 1020 933 redit.
1201 949 1205 956 .

320 956 363 1017 Ut
383 958 469 1017 novit
488 977 607 1018 omnem
629 979 730 1026 errore
752 959 934 1037 completam
957 960 1090 1033 domum,

319 1041 464 1102 Frontem
482 1043 562 1116 ferit,
581 1044 713 1118 quiritat,
736 1044 768 1102 in
787 1046 1003 1103 commiscuam

320 1127 487 1187 Iacentinm
509 1147 543 1186 se
564 1130 687 1204 proiicit
708 1137 840 1207 stragem
862 1149 996 1208 gregum,

253 1213 305 1268 310
321 1214 413 1271 Manu
433 1213 614 1289 prehensam
636 1214 799 1272 identidem
822 1215 964 1275 scindens
990 1233 1123 1274 comam:

320 1297 441 1373 Diuque
462 1305 544 1356 muto
568 1299 700 1358 constitit
723 1299 855 1358 silentio.

320 1383 440 1441 Exinde
462 1383 574 1460 gravia,
589 1385 788 1443 comminatus
811 1392 859 1443 est
880 1384 963 1457 mibi,

320 1467 363 1526 Ni
385 1467 571 1527 edisseratur
591 1488 691 1541 omne,
713 1471 855 1545 quicquid
876 1478 924 1528 est
945 1469 1027 1527 mali.

321 1555 366 1612 Ao
385 1559 468 1612 esset
486 1552 518 1609 in
539 1571 610 1627 quo,
633 1554 853 1628 sciscitabatur,
875 1562 964 1613 statu.

254 1642 304 1695 315
320 1636 381 1695 His
402 1638 549 1710 territata,
571 1657 693 1714 quoque
713 1648 800 1717 gesta
821 1639 862 1698 sit
881 1639 985 1711 modo,

320 1722 361 1780 Et
382 1740 439 1797 quo
462 1722 594 1781 sciebam
614 1724 671 1781 rite
692 1745 757 1782 rem
775 1724 877 1806 pando
901 1725 1016 1783 ordine.

321 1805 408 1864 Tunc
426 1808 493 1884 ipse
514 1816 638 1883 questus
659 1829 798 1886 rumpere
822 1809 990 1882 eiulabiles,

320 1890 401 1949 Huic
419 1893 505 1968 prius
528 1894 666 1966 inausos,
688 1903 778 1970 atque
800 1895 953 1954 inauditos
977 1893 1066 1951 mihi:

320 1978 472 2054 Expetcre
495 1978 573 2038 tales
594 1999 714 2054 nanque
736 1983 880 2039 censebat
903 1998 993 2040 sonos

179 2087 184 2096 =
254 2062 305 2117 320
321 2062 484 2140 Ignavitati
503 2065 626 2138 mentis,
650 2073 738 2140 atque
759 2066 921 2124 imbelliae.

317 2146 358 2206 llt
380 2166 455 2207 voce
476 2167 619 2224 parcens,
645 2159 735 2224 atque
756 2150 898 2209 lamentis
917 2151 1015 2226 prius,

320 2231 459 2292 Gemitus
473 2235 640 2309 premebat,
663 2245 768 2294 taurus
790 2244 824 2294 ut
844 2236 939 2312 mugit
959 2235 1056 2294 ferox.

318 2315 409 2377 Nunc
433 2319 488 2377 boo
507 2319 611 2395 iniquo
635 2321 815 2381 constitutus
838 2322 870 2380 in
889 2329 981 2394 stato,

320 2403 356 2461 In
377 2412 477 2482 strage
498 2424 651 2481 pecorum,
673 2405 794 2465 Cereris
819 2416 849 2465 et
867 2406 981 2465 Bacchi
1001 2424 1120 2479 carens,

252 2498 304 2552 325
321 2487 476 2564 Ferroque
497 2490 595 2550 caesis
615 2491 757 2569 gregibus
779 2492 903 2550 incubat
921 2492 1047 2551 sedensz

319 2576 365 2632 Ac
386 2574 490 2633 nescio
514 2576 596 2649 quod
616 2577 736 2637 facinus
758 2585 917 2654 occoeptat
936 2596 1037 2654 grave.

320 2658 414 2717 Tales
437 2661 567 2733 querelis
588 2661 697 2720 miscet
717 2662 860 2721 eiulitans
884 2681 986 2721 sonos.

319 2748 361 2801 At
378 2762 444 2816 vos,
466 2744 566 2817 amici,
586 2765 707 2823 nanque
730 2766 767 2804 ea
787 2766 836 2805 me
858 2747 954 2825 gratia

282 2850 285 2861 ·
320 2827 389 2885 Huc
408 2829 531 2902 contuli,
550 2831 602 2904 ite,
624 2832 699 2889 ferte
721 2852 821 2908 opem,
844 2833 993 2905 tutamini,

251 2923 305 2976 330
321 2912 442 2971 Faciles
462 2914 567 2973 amicis
590 2925 661 2973 sunt
679 2917 769 2975 amici
788 2918 906 2975 eimedi.

318 2996 374 3057 Ch.
415 2998 545 3076 Indigna
565 3019 636 3057 vero
661 3002 746 3074 mibi,
770 3002 960 3060 Teleutantis
985 3018 1092 3077 genus,

315 3082 514 3158 Proloqueris
536 3084 688 3143 hominem
708 3088 935 3163 expectorarier
955 3085 1055 3144 malis.

317 3169 368 3229 Δί.
412 3168 484 3241 Hei,
507 3169 572 3227 heii

318 3254 390 3312 Tec.
436 3253 516 3328 Quin
537 3272 617 3312 nunc
639 3256 737 3333 magis
758 3256 885 3315 videtin.
907 3277 947 3315 an
965 3255 1132 3316 sentiscitis

250 3347 302 3401 335
320 3337 402 3411 Quas
425 3340 524 3397 fundit
543 3340 624 3399 Aiax
642 3360 697 3415 ore⁸
708 3360 801 3400 voces
820 3342 935 3401 flebili?

318 3424 366 3482 Ar.
411 3425 484 3498 nei,
504 3425 570 3483 nen
687 3422 694 3443 *
1298 3409 1308 3441 “

320 3506 374 3565 Cb.
415 3510 535 3584 Mirum,
557 3509 589 3568 ni
609 3511 701 3570 horno
726 3520 778 3570 aut
798 3520 946 3591 aegrotat,
969 3521 1021 3571 aut
1040 3511 1217 3584 offenditur,

317 3592 418 3650 Morbi
439 3596 551 3671 prioris
573 3597 770 3672 poenitudine
790 3599 911 3656 anxius.

295 3676 366 3736 ni.
412 3677 472 3737 Hei
493 3700 580 3757 puer,
602 3682 652 3740 hei
672 3685 763 3759 puerl

249 3773 301 3829 340
319 3762 391 3821 Teo.
414 3761 484 3822 Heu
492 3766 799 3845 miseraquidagam?
811 3767 1123 3843 te,puto,Eurysaces
1135 3774 1236 3825 vocat
