2884 4650
591 503 743 599 A

206 669 361 730 Admovet
383 671 545 731 obsessor:
567 680 725 732 venturam
749 672 881 749 desuper
900 675 967 734 urbi

206 754 279 816 Urit
298 754 441 831 defensor
463 757 608 816 saturatis
628 757 744 816 sulfure
767 757 837 817 vivo

206 838 373 912 Malleolis‚
395 841 545 918 piceoque
565 842 722 902 instructis
742 843 812 920 igne
832 841 986 919 maniplis.

206 927 271 984 Aut
289 925 393 986 subito
414 943 574 1004 emergens
596 928 694 1002 portis
716 928 845 986 obsessa
863 926 1003 987 iuventus

206 1009 415 1070 Flammiferis
435 1011 554 1070 facibus
576 1011 700 1071 dextm
719 1019 836 1070 armata
857 1020 999 1072 nocentes

206 1094 269 1152 Per
288 1096 427 1171 peritura
449 1115 558 1173 ragam
580 1099 698 1175 spargit
717 1096 886 1156 munimina
902 1105 1033 1173 pestem,

207 1180 244 1238 In
267 1199 327 1240 sna
347 1181 510 1240 desuetos
532 1182 639 1240 hostes
660 1181 791 1240 tentoria
812 1199 936 1259 cogens.

208 1263 340 1324 Caetera
360 1265 432 1340 quid
453 1265 594 1338 referam,
617 1286 695 1343 qnae
713 1266 832 1325 Phoebi
852 1268 974 1325 numine
999 1269 1100 1346 plenis

207 1350 380 1424 Exequitur
400 1350 477 1410 velis
497 1351 566 1410 aeri
585 1371 730 1411 mansura
750 1371 807 1428 per
829 1353 920 1410 orbes

207 1434 334 1512 Lipsius
358 1435 543 1509 innumeros,
566 1437 738 1512 obortisque
761 1445 885 1496 aeterna
907 1439 1048 1512 sacravit,

207 1520 318 1585 Prisoa
335 1539 393 1596 per
412 1520 555 1580 assiduos
579 1522 756 1598 complexus
778 1522 857 1580 faeta
878 1521 1022 1582 labores?

208 1603 268 1678 Qui
287 1623 459 1680 quanquam
483 1606 541 1665 hoe
569 1614 655 1667 tanto
679 1607 815 1666 devinxit
833 1607 960 1685 pignore
984 1618 1102 1686 gentes,

207 1689 329 1749 Natura
345 1698 445 1748 tamen
467 1691 506 1750 sd
526 1710 661 1758 summos
680 1700 840 1752 revocante
862 1701 999 1769 paratus,

207 1775 344 1834 Inseruit
366 1775 455 1834 coelo
478 1776 616 1854 uigilacis
637 1777 755 1842 lumina
777 1778 887 1836 mentis

208 1858 293 1920 Soita
316 1861 515 1920 instaurando
536 1862 676 1938 neglecta
697 1861 849 1937 prioribus
871 1861 971 1933 annis,
1026 1899 1030 1904 ·

207 1944 347 2005 Porticus
370 1948 486 2007 Actaea
505 1946 657 2020 quondam
680 1964 759 2023 quae
782 1946 884 2004 sanxit
901 1946 931 2003 in
956 1945 1046 2004 urbe:

206 2030 249 2088 Et
269 2037 389 2090 veteres
413 2029 550 2090 Senecae
573 2030 709 2090 recolens
731 2030 905 2106 praedivitis
927 2031 1032 2089 hortos

206 2115 372 2191 Excerpsit
392 2116 500 2174 florum
524 2116 661 2194 digestos
684 2115 767 2174 mille
790 2115 916 2174 colores.

208 2199 277 2276 Quo
297 2208 329 2257 te
347 2210 536 2276 praeteream
560 2199 682 2260 Corneli
703 2219 812 2277 magne
833 2200 942 2276 piaclo,

208 2285 366 2362 Tempora
383 2305 474 2363 quem
493 2305 645 2362 nunquam
657 2286 796 2345 Tacitum
817 2292 943 2345 ventura
961 2281 1126 2343 tacebunt?

208 2368 268 2443 Qui
290 2371 378 2429 modo
394 2391 548 2449 purpurea
566 2381 728 2431 renovatus
751 2372 886 2429 membra
907 2372 1040 2440 iuventa,
1090 2387 1095 2396 ·

207 2454 252 2515 Ut
272 2475 364 2533 quem
385 2458 531 2516 einameis
549 2465 693 2534 reparant
710 2456 854 2515 incendia
875 2455 966 2525 nidis,

207 2538 300 2601 Seela
322 2542 426 2599 decem
448 2542 565 2618 quoties
588 2542 664 2599 vixit
682 2541 854 2599 Phoebeius
876 2558 979 2612 oscen,

207 2624 364 2703 Quicquid
386 2644 433 2699 es,
459 2628 529 2685 huie
549 2635 645 2685 totum
669 2626 774 2697 debes,
799 2627 848 2685 eui
866 2625 998 2701 plurima
1015 2622 1107 2681 debet

206 2711 352 2784 Mundus,
377 2720 408 2769 et
429 2712 571 2787 antiquae
591 2711 725 2790 gandent
746 2731 806 2787 quo
829 2711 947 2769 vindice
969 2709 1101 2779 chartae,

208 2794 291 2856 Cura
315 2797 425 2873 quibus
446 2798 546 2874 Lipsii
567 2796 720 2874 fugientes
743 2796 873 2854 reddidit
894 2813 999 2855 annos.

250 2879 381 2959 Singula
401 2882 456 2941 sed
473 2882 555 2941 laxis
575 2882 824 2941 circumventatus
845 2881 972 2939 habenis

206 2965 372 3043 Expatior,
392 2967 483 3025 celeri
504 2976 644 3043 raptante
666 2986 814 3043 peraeta
834 2984 932 3039 curru,

206 3048 290 3109 Dum
312 3070 361 3109 me
382 3052 592 3129 praeeipitem,
615 3052 715 3130 Lipsi‚
737 3060 790 3109 tua
813 3052 949 3111 maxima
969 3050 1063 3109 virtus

208 3135 320 3214 Ignota
342 3137 469 3215 regione
490 3138 580 3212 rapit,
604 3156 702 3211 neque
725 3138 860 3213 suppetit
880 3137 967 3194 ardor

209 3218 342 3280 consini
363 3223 495 3298 spatium
518 3223 598 3281 vasti
620 3223 826 3280 transmittere
848 3221 958 3296 campi,

210 3302 267 3364 cni
288 3307 342 3364 vix
362 3308 478 3367 emisso
500 3308 537 3366 de
561 3307 667 3365 limine
689 3308 833 3379 carceris,
856 3314 937 3376 ante,

210 3389 309 3465 Quam
330 3392 418 3469 tetigi
437 3401 547 3465 metus,
564 3410 657 3469 aeger
677 3392 770 3450 trabit
791 3392 846 3450 ilis
865 3388 983 3466 pulsus.

210 3474 301 3550 Quod
322 3477 442 3551 damus,
464 3478 595 3536 officium
618 3477 694 3535 satis
716 3486 774 3549 est,
795 3494 854 3532 non
875 3492 1007 3552 carmen,
1028 3479 1126 3539 emino

209 3559 360 3637 Impendi‚
383 3580 423 3619 ne
446 3582 505 3622 nos
528 3581 620 3621 sueno
642 3561 779 3639 loliginis
802 3567 886 3617 ati-'ae

210 3642 361 3720 Suffusos,
380 3655 433 3705 aut
452 3647 586 3706 invidiae
608 3647 762 3706 maduisse
785 3662 905 3702 veneno

208 3728 341 3790 Postera
363 3731 414 3790 vel
437 3732 551 3805 credat,
573 3732 622 3791 vel
642 3746 791 3808 praesens
815 3737 923 3807 arguat
942 3738 1037 3791 setas.
