2884 4650
1492 503 1613 564 292

644 673 858 747 Qualis
898 674 1078 732 tubae
1128 672 1383 732 sentitur
1420 693 1651 732 aeneae
1693 693 1903 733 sonor.
2037 742 2042 747 ⁸

641 759 973 835 Recteque·
1003 759 1195 818 sensti
1227 777 1324 816 me
1368 760 1517 817 mihi
1561 759 2062 818 infensissumum

642 844 892 904 Aiacem
936 843 1122 902 odora
1163 843 1411 902 circuire
1451 843 1755 921 indagine.

542 935 613 988 20
645 929 743 987 Ita
786 936 897 987 est.
941 948 1076 987 eum
1117 947 1427 1001 venamur,
1473 929 1634 986 haud
1681 928 1886 1001 alium,
1934 927 2087 986 Dea.

642 1012 807 1073 Nam
848 1014 1080 1073 facinus
1124 1013 1246 1072 ista
1285 1022 1463 1075 nocte
1510 1032 1777 1085 caecum,
1822 1014 2113 1084 nescium,

641 1102 1009 1175 Ancepsque
1052 1098 1196 1155 fecit
1236 1098 1360 1170 ille,
1409 1099 1465 1157 si
1505 1099 1651 1157 fecit
1695 1107 1918 1156 tamen.

642 1184 753 1245 Nil
796 1184 1018 1243 scimus
1063 1184 1284 1240 etenim
1330 1184 1551 1243 mentis
1605 1202 1805 1241 errore
1850 1182 1988 1242 avii.

646 1268 847 1342 Quare
891 1269 1002 1326 hoc
1045 1268 1242 1326 subivi
1284 1274 1504 1345 sponte
1551 1268 1868 1344 perferens
1918 1286 2093 1326 onus.

544 1355 612 1408 25
645 1353 806 1413 Nam
846 1370 1041 1430 pecua
1085 1371 1281 1428 nuper
1323 1361 1498 1428 parta
1532 1353 1750 1413 bellica
1788 1370 1992 1424 manu,

644 1439 947 1516 Iugulata,
993 1443 1202 1509 strata,
1245 1437 1518 1496 sauciata
1553 1437 1815 1496 foediter

643 1525 852 1596 Manu,
887 1522 1197 1599 magistris
1243 1540 1376 1580 cum
1417 1522 1546 1581 suis
1592 1522 1973 1581 offendimus.

643 1607 931 1682 Factique
971 1625 1106 1664 eum
1154 1608 1350 1665 omnis
1390 1608 1568 1665 huius
1616 1611 1915 1664 auctorem
1952 1606 2116 1663 facit.

646 1692 787 1750 Huc
827 1691 1000 1764 adde,
1041 1692 1196 1766 quod
1236 1691 1582 1768 speculator
1620 1693 1778 1753 hunc
1822 1691 2019 1750 solum
2065 1694 2364 1768 omnium,

545 1773 617 1828 30
653 1775 911 1852 Campos
958 1785 1201 1834 cruento
1244 1776 1381 1834 dum
1431 1796 1577 1836 ense
1619 1777 1913 1854 persultat
1953 1777 2184 1852 furens,

648 1862 952 1937 Viditque,
999 1862 1351 1936 retulitque:
1384 1863 1519 1940 Ego
1564 1870 1824 1920 actutum
1869 1863 2094 1938 impete

646 1948 924 2025 Vestigo,
961 1946 1170 2007 odo-ro.
1215 1948 1366 2005 haec
1397 1948 1571 2024 signa
1608 1966 1725 2004 non
1770 1946 1950 2005 dubie
1991 1957 2159 2007 noto:

645 2035 766 2094 Ast
804 2032 911 2090 illa
950 2033 1160 2105 miror,
1209 2033 1344 2090 cuia
1385 2033 1507 2090 sint
1543 2051 1665 2091 non
1706 2049 2017 2107 assequor.

660 2117 785 2178 Sed
827 2117 1056 2176 affuisti
1097 2117 1382 2194 tempori,
1425 2118 1480 2175 si
1519 2117 1757 2192 quidem
1802 2125 1904 2174 tua

546 2206 616 2262 35
648 2205 750 2262 Me
793 2220 972 2275 nunc,
1015 2209 1072 2259 et
1118 2202 1264 2261 olim
1311 2203 1495 2274 rexit,
1543 2211 1601 2260 et
1642 2208 1814 2278 reget
1853 2220 2087 2259 manuS.

648 2289 754 2347 Mi.
837 2288 1150 2361 Persensi,
1196 2287 1443 2366 Ulysse.
1486 2287 1747 2362 iamque,
1794 2287 1933 2346 dum
1976 2285 2307 2360 venaturiS,

647 2374 822 2434 Viam
861 2374 970 2432 tibi
1006 2373 1188 2432 istam
1237 2381 1448 2449 sponte
1493 2381 1699 2431 custos
1738 2373 1950 2430 institi.

647 2458 747 2519 Ul.
845 2459 1015 2517 Bene
1060 2460 1177 2532 hic,
1227 2476 1484 2517 secusne
1527 2464 1779 2535 coeptus
1828 2466 1923 2516 est
1958 2456 2105 2513 mihi
2143 2456 2365 2516 labos?

649 2544 755 2602 Mi.
839 2544 1098 2618 Liquido
1144 2544 1400 2621 putasti:
1446 2543 1589 2601 fecit
1619 2543 1744 2615 ille,
1792 2562 1889 2601 me
1925 2542 2081 2601 vide.

546 2628 617 2682 40
649 2628 751 2687 m.
848 2628 1008 2686 Nam
1053 2647 1158 2686 cur
1203 2638 1264 2687 et
1308 2647 1492 2687 ausus
1537 2628 1642 2685 ille
1688 2636 1810 2685 tam
1856 2645 2100 2684 caecum
2139 2628 2368 2687 nefas?

589 2725 594 2735 “
647 2712 752 2772 Mi.
841 2713 1095 2773 Achillis
1141 2732 1326 2787 arma,
1373 2714 1611 2772 addicta
1650 2733 1772 2771 non
1818 2713 1935 2772 sibi
1977 2712 2159 2770 dolet.

647 2797 749 2857 Ul.
848 2795 970 2856 Cur
1011 2798 1098 2855 sic
1144 2799 1379 2857 furente
1421 2800 1611 2856 fertur
1649 2799 1713 2855 in
1744 2816 1959 2875 greges
2002 2798 2235 2875 gradu?

646 2882 752 2941 Mi.
838 2882 1059 2940 Vestro
1098 2902 1309 2941 manus
1351 2884 1595 2942 foedare
1632 2902 1889 2959 sperans
1935 2883 2249 2960 sanguine.

649 2967 750 3027 Ul.
845 2966 1240 3043 Incogitabat,
1280 2969 1503 3043 inquis,
1543 2969 1784 3045 Argivis
1830 2968 2096 3026 malum?

549 3054 618 3109 45
652 3053 758 3112 Mi.
846 3049 1002 3124 Quin
1050 3052 1276 3125 absque
1314 3070 1411 3109 me
1446 3053 1686 3123 fuisset,
1731 3063 1790 3111 et
1836 3059 2196 3128 patraverat.

649 3138 750 3199 Ul.
850 3135 1164 3212 Quibusne
1208 3138 1463 3213 coeptis,
1504 3156 1700 3212 quove
1742 3139 1961 3196 mentis
2003 3138 2273 3214 impetu?

556 3253 563 3263 ·
649 3224 756 3285 Mi.
842 3220 1064 3296 Irrupit
1099 3219 1176 3277 ad
1213 3239 1324 3279 vos
1370 3229 1549 3279 nocte
1592 3222 1783 3295 solus,
1830 3234 1889 3281 et
1932 3222 2084 3280 dolo.

650 3308 751 3368 Ul.
846 3306 1134 3365 Pervenit
1170 3305 1372 3382 igitur,
1418 3312 1594 3380 atque
1638 3316 1830 3367 metas
1881 3308 2120 3385 attigit?

650 3394 755 3451 Mi.
841 3392 1151 3451 Institerat
1189 3390 1337 3449 adeo
1376 3390 1612 3465 utrique
1646 3392 1764 3449 iam
1806 3393 2129 3469 praetorio·

554 3482 622 3534 51]
554 3474 754 3534 51],Π]
850 3474 1002 3550 Quis
1038 3474 1251 3554 rapida
1295 3482 1575 3530 ovantem
1619 3478 1799 3534 caede
1843 3478 2135 3554 repffissit
2174 3477 2473 3537 manum?

657 3562 758 3618 Mi.
826 3562 1070 3666 ΜΞΕΜ
1108 3590 1146 3617 -κ,
1181 3570 1303 3643 *jun
1340 3578 1527 3622 neum
1567 3562 1779 3618 nee-..llis
1827 3582 2119 3638 oggerens

1038 3671 1042 3678 .
1078 3657 1085 3682 .-
1118 3678 1122 3682 .
1160 3662 1162 3665 -
1599 3646 2059 3706 immedicabile

1381 3749 1419 3805 ‚z
1474 3726 1823 3810 lanigerum
1867 3734 2127 3810 agmina,
