2884 4650
631 562 692 623 285

201 728 293 785 irrita
312 746 390 803 quaa
412 729 527 804 rapidis
546 730 651 787 iactari
671 731 746 789 dicit
768 731 800 789 in
823 732 931 792 undis:

246 812 381 872 Alterius
408 814 525 890 gremio
547 816 626 872 hunc
651 834 721 874 ecce
744 816 882 875 Lucerna
903 819 999 877 vides.

248 902 251 909 “
608 900 712 959 Aliter.
813 932 827 945 ··

202 979 274 1040 Non
292 982 371 1041 aliua
391 982 492 1055 nobis,
511 1000 577 1043 cum
597 986 720 1043 foedera
744 987 900 1045 sanximus
923 987 1024 1060 ambo,

246 1067 346 1142 Quam
371 1076 403 1124 tu
421 1066 493 1125 Nox
510 1070 609 1142 testis,
631 1079 724 1145 taqua
741 1069 891 1144 Lucerna,
910 1072 976 1129 fuit.

203 1151 368 1214 Sanximus
388 1153 561 1225 unanimes3
584 1174 652 1232 ago,
672 1171 720 1213 ma
742 1155 798 1213 hoc
816 1176 877 1215 nou
890 1174 986 1232 possa
998 1176 1114 1217 careret

245 1237 307 1295 Hic
329 1237 395 1296 fora
417 1256 465 1295 me
487 1245 593 1313 (testes
615 1240 689 1299 estis
710 1242 849 1317 uterque)
873 1260 970 1300 suam.

202 1323 264 1382 Hic
285 1341 365 1381 nunc
385 1324 478 1381 tradit
498 1325 595 1399 aquis,
625 1325 698 1383 mihi
721 1344 798 1401 quaa
818 1326 928 1384 iuravit
949 1327 1071 1385 amanti.

246 1408 337 1466 Hunc
356 1408 432 1466 aliae
454 1408 523 1483 (sed
543 1417 574 1467 te
596 1416 684 1484 teste,
705 1410 860 1490 Lucerna)
880 1412 994 1470 fovent.

484 1570 580 1637 Οὔπω
607 1596 655 1636 σοι
678 1576 832 1638 καλύκων.
1020 1580 1116 1658 (GM)

203 1662 368 1739 Virgincaa
390 1681 447 1719 nac
469 1660 557 1737 pubis
578 1663 643 1720 hiat
665 1663 735 1721 dum
756 1665 814 1723 flos
835 1666 904 1723 tibi:
927 1667 1074 1725 necdum

246 1748 392 1805 Autumni
413 1748 486 1805 livet
507 1748 646 1821 primitus
665 1768 724 1807 uva
746 1750 805 1807 tui:

205 1832 281 1892 Cum
302 1841 403 1889 tamen
423 1850 493 1889 acar
512 1834 606 1891 Amor
628 1834 706 1891 acuit
728 1834 789 1891 iam
808 1841 876 1893 cote
898 1836 1063 1912 sagittas[‚]

246 1917 401 1995 Lysidice‚
423 1926 453 1976 et
473 1918 565 1979 tacito
588 1918 715 1975 ventilat
735 1919 807 1995 igne
830 1920 923 1977 faces.

203 2002 253 2062 Ah
274 2004 380 2080 fugite,
403 2002 554 2074 ominari,
580 2002 649 2060 dum
670 2023 733 2061 non
754 2004 825 2061 ierit
845 2023 945 2077 arcus,
965 2012 1116 2064 amantea:

246 2086 342 2161 Quam
362 2107 491 2165 magnos
513 2106 586 2145 mox
610 2095 658 2146 ast
678 2088 826 2163 flam[m]a
848 2088 953 2146 datura
973 2108 1077 2166 rogos.

491 2252 582 2338 Ψυχή
605 2275 658 2336 μοι
676 2252 830 2338 προλέγει.
1021 2255 1116 2339 t(92)

202 2341 356 2400 Praedicit
374 2343 448 2399 mihi
470 2342 579 2400 dudum
600 2343 718 2402 animus
743 2352 947 2401 memorante
967 2339 1117 2402 malorum

247 2427 290 2486 Ut
314 2428 427 2505 fugiam
449 2429 597 2500 flammas,
622 2427 802 2500 Heliodora‚
825 2436 903 2486 tuas
925 2432 928 2433 ⁷

204 2513 303 2572 Dicit:
325 2512 407 2570 nulia
428 2513 517 2590 fugae
538 2522 639 2571 tamen
660 2521 706 2572 est
725 2514 786 2571 via:
809 2531 869 2588 quo
890 2513 988 2589 magis
1011 2531 1080 2570 acer

246 2597 304 2655 Ille
327 2606 430 2655 monet
437 2619 445 2669 3
465 2599 562 2676 magis
585 2598 855 2674 hoc.impatienter
875 2605 964 2655 amat.

496 2761 628 2828 ‘Ocea-n
649 2761 815 2846 Κυδίλλης.
1021 2767 1117 2848 ζ(93)

204 2854 254 2913 Ah
276 2852 394 2928 quoties
415 2852 513 2910 audax
537 2872 616 2912 nunc
640 2852 719 2909 clara
738 2851 817 2925 luce,
840 2853 895 2910 sub
916 2853 1016 2929 ipsum

249 2936 388 3016 Oydillaa
410 2939 490 3011 veni,
511 2955 591 2995 nunc
614 2956 671 3014 ago
694 2945 795 3011 nocte,
818 2937 916 2996 sinum
923 2958 932 3009 ;

204 3025 267 3082 Per
285 3041 432 3101 praeceps
451 3023 553 3095 toties,
574 3023 680 3094 fateor,
702 3023 831 3100 vestigia
851 3023 924 3100 figo,

247 3109 287 3168 Et
310 3109 403 3167 toties
428 3108 520 3185 capiti
545 3116 592 3166 est
613 3107 679 3164 alea
698 3107 780 3165 iacta
800 3126 880 3166 meo.

206 3192 286 3268 Quid
296 3194 382 3252 tum?
396 3213 486 3253 omne
498 3193 588 3251 audet
598 3211 713 3250 amans.
726 3196 822 3252 Amor
832 3194 889 3250 huc
904 3211 993 3266 quem
1004 3200 1115 3265 versat,

864 3284 894 3334 et
911 3277 983 3334 illuc

250 3362 402 3437 Cumque:
420 3383 477 3422 nac
497 3365 529 3421 in
547 3364 663 3423 somnis
684 3364 798 3441 cogitat
817 3363 871 3419 illa
894 3370 1017 3419 matum.

409 3526 576 3612 Ἑξήκοντα
598 3532 682 3593 τελεῖ
702 3527 840 3611 Χαριτὼ.
1024 3528 1114 3607 istit)

206 3618 293 3677 Haec
315 3618 423 3695 agitur,
445 3617 578 3692 Obarito,
601 3619 656 3676 tibi
676 3616 869 3692 sexagesima
887 3614 1009 3687 messis,

247 3703 288 3761 Et
307 3711 409 3761 manet
426 3703 458 3760 iu
481 3703 576 3780 nigris
600 3703 733 3761 crinibus
754 3699 808 3757 ille
827 3708 930 3759 tenor:

205 3787 274 3848 Nec
295 3789 379 3866 rugis
400 3787 534 3846 sulcatur
552 3789 649 3846 adhuc
670 3787 751 3845 cutis·
770 3803 889 3862 aspera.
913 3783 1055 3857 Suadam,
