2884 4650
1316 525 1391 584 61

445 685 642 749 ἄστεα
687 692 794 768 τῆς
839 687 995 769 ἰδίης
1038 691 1251 772 χρείης
1291 692 1469 774 χάριν
1514 690 1783 795 ἔμπορος
1817 691 2011 756 εἶδεν·

531 772 883 855 Δουσιοὶδης
921 777 1129 855 κοινῆς
1175 775 1333 858 ἀμφὶ
1375 774 1729 858 βιωφελίης.

1141 864 1307 920 Idem
1345 862 1577 921 Latine.

439 944 798 1004 Dousiades
842 946 1042 1021 patria
1082 949 1316 1022 patriae
1363 949 1701 1020 studiosus,
1747 958 1976 1032 amator

525 1029 760 1103 Patris,
806 1030 1092 1089 sustinuit
1134 1040 1307 1109 patre
1353 1051 1559 1090 carere
1603 1052 1737 1105 suo,

442 1106 697 1191 Oppida
739 1116 1118 1191 perlustrans
1162 1136 1296 1174 erro
1342 1119 1688 1194 peregrina,
1732 1126 1981 1194 paratus

525 1200 741 1275 Usque
789 1201 866 1257 ad
904 1201 1177 1277 Ripaeos
1224 1202 1470 1260 tendere
1508 1203 1966 1279 Hyperboreos·

438 1285 751 1343 Mercator
795 1286 1008 1361 cupide
1057 1288 1423 1363 sapiensque
1468 1297 1747 1365 vagatur:
1794 1296 1856 1344 at
1890 1289 2061 1347 illum

528 1370 725 1447 Urget
773 1391 976 1447 opum,
1024 1371 1184 1428 hunc
1221 1373 1422 1430 variae
1469 1373 1835 1450 cognitionis
1885 1393 2072 1432 amor.
2124 1390 2132 1396 ·

440 1455 772 1513 Diversum
821 1456 1119 1515 meditans
1168 1458 1471 1514 sententia
1516 1458 1708 1534 surgit
1754 1458 2010 1534 utrique.

402 1607 409 1617 ,
529 1539 668 1598 Nec
707 1560 880 1598 mens
925 1561 1044 1598 una
1089 1540 1234 1614 illis,
1283 1543 1362 1600 sit
1400 1543 1545 1600 licet
1584 1563 1708 1601 una
1750 1544 1864 1600 via.

442 1627 848 1684 Mercatorem
893 1627 1074 1684 urbes
1117 1628 1392 1702 privatus
1436 1628 1638 1686 visere
1680 1636 1953 1702 quemme,

527 1710 785 1768 Publica
828 1711 1187 1770 Dousiaden
1231 1712 1470 1788 impulit
1511 1713 1761 1771 utilitas.

996 1957 1384 2035 summum
1432 1900 1707 2034 unsa.

451 2130 504 2184 1.
598 2130 845 2205 Eleqia‚
895 2132 956 2185 in
1020 2128 1088 2186 V.
1141 2127 1202 2186 C.
1265 2127 1655 2202 Chr-iatophori
1711 2128 1965 2198 Thuani,
2022 2127 2273 2187 Senatus

1075 2214 1366 2288 Principis
1403 2215 1635 2271 obitum.

447 2295 515 2358 Si
561 2298 698 2375 quis
737 2298 932 2355 adhuc
974 2299 1202 2375 hospes
1257 2307 1531 2356 nostrum
1575 2296 1739 2355 videt
1782 2297 1993 2356 ordine
2035 2298 2220 2377 longo

529 2384 764 2457 Funus,
813 2392 873 2441 et
911 2391 1142 2443 atratos
1189 2391 1440 2460 pectora
1478 2390 1719 2441 moesta
1756 2382 2003 2443 Patres:

445 2468 544 2527 Ne
590 2475 823 2526 tantum
869 2487 1176 2545 pompam,
1219 2488 1331 2525 nec
1374 2488 1491 2526 nos
1536 2470 1785 2526 miretur
1821 2469 1896 2526 ab
1939 2469 2063 2527 illa.

530 2556 844 2630 Exequias
890 2555 1119 2612 meritis
1169 2554 1450 2612 aestimet
1489 2553 1595 2610 ille
1638 2552 1810 2611 meis.

446 2643 705 2717 Magnus
756 2659 867 2717 ego
911 2640 1148 2717 magnis
1193 2639 1379 2697 orior:
1423 2657 1618 2711 neque
1654 2656 1812 2695 nunc
1837 2639 1984 2697 mihi
2007 2641 2268 2717 primum

535 2725 860 2799 Quaesitas
903 2726 1077 2783 nosci
1122 2723 1376 2800 contigit
1410 2723 1571 2780 inter
1608 2742 1772 2798 opes,

446 2810 663 2870 Debeo
710 2818 982 2882 naturae,
1030 2809 1193 2884 quod
1232 2829 1355 2866 non
1393 2826 1637 2880 casuve,
1685 2827 1880 2885 neque
1922 2810 2063 2869 ullis

531 2888 1129 2971 Fortunae·possum
1179 2894 1399 2952 clarior
1439 2912 1577 2951 esse
1626 2894 1825 2953 bonis.

531 3067 612 3124 Et
641 3086 843 3123 rerum
889 3065 1120 3123 domini
1161 3065 1358 3141 gloria
1395 3066 1593 3140 prima
1628 3065 1765 3122 fori.

447 3149 587 3209 Non
631 3159 834 3209 tamen
881 3159 940 3208 et
985 3157 1209 3207 temere
1248 3158 1449 3207 tantas
1489 3149 1856 3226 accingimur
1888 3155 2072 3218 artes,

532 3236 667 3293 Nec
708 3236 959 3293 terimus
1003 3235 1167 3311 vulgi
1206 3253 1397 3311 prava
1440 3235 1751 3308 sequentis
1792 3235 1922 3291 iter.

448 3321 581 3378 Nec
627 3340 740 3379 vos
784 3320 1113 3397 polluimus
1161 3328 1406 3378 sanctae
1453 3338 1588 3376 mea
1627 3319 1876 3377 numina
1918 3316 2107 3392 leges·

532 3406 860 3465 Attulimus
905 3424 1090 3481 puras
1143 3406 1218 3462 ad
1269 3424 1443 3463 sacra
1486 3413 1688 3463 vestra
1731 3420 1962 3460 manus.

451 3491 778 3548 Interdicta
817 3492 987 3563 viris,
1034 3492 1154 3548 nisi
1198 3509 1354 3566 quos
1400 3490 1675 3548 doctrina
1716 3486 1978 3556 vocavit2

534 3576 822 3653 Irrumpit
859 3577 1062 3653 legum
1099 3576 1312 3633 limina
1356 3592 1532 3633 sacra
1572 3591 1740 3649 puer.

455 3664 508 3719 A
538 3662 821 3719 tirocinio
866 3662 1130 3738 linguae,
1181 3654 1509 3736 primisque
1556 3657 1863 3734 magistris

533 3746 822 3805 Protinus
860 3746 1140 3824 ancipitis
1185 3746 1406 3804 transit
1454 3742 1531 3801 ad
1575 3762 1744 3801 arma
1780 3742 1919 3802 fori.

2717 3454 2739 3629 -ξ-
