2884 4650
749 553 807 611 124

326 722 385 798 Qui
409 741 481 780 vera
502 722 645 798 loquitur,
674 723 721 782 ius
741 722 780 780 ad
802 741 891 781 omne
913 721 940 780 is
963 720 1071 780 surdus
1093 727 1152 793 est,

324 809 365 865 Et
385 807 602 879 blandientum,
625 827 684 865 non
706 827 778 867 suas
802 825 890 866 aures
911 807 1010 864 habet.

326 976 377 1035 59.
420 974 518 1049 Quam
538 984 626 1052 turpe
645 976 712 1032 fieri
734 975 848 1051 spolier
867 965 966 1034 aulam
990 974 1110 1046 civium,

327 1060 360 1122 si
382 1069 526 1137 quantum
548 1061 579 1118 in
600 1079 675 1118 usus
696 1060 837 1136 publicos
861 1070 908 1119 est
930 1060 1091 1131 conditum,

324 1146 361 1204 In
382 1146 548 1204 aulicorum
569 1145 719 1203 vulturum
742 1146 901 1223 voragines

324 1232 509 1305 Famemque
525 1230 713 1306 inexpletam
736 1249 823 1288 omne
845 1232 945 1290 fusum
970 1228 1141 1288 exhaurias.

325 1317 427 1393 Larga
450 1323 497 1373 est
518 1316 550 1373 in
570 1335 675 1374 omnes
696 1315 866 1374 liberalitas
888 1315 958 1373 Dei.

326 1399 418 1460 Coelo
434 1399 572 1476 pluente,
594 1401 730 1477 iugerum
754 1401 863 1458 vicinia

326 1486 455 1563 Rigatur
476 1485 584 1556 omnis,
606 1486 686 1542 haud
710 1505 798 1563 seges
818 1493 934 1543 tantum
958 1503 1034 1542 mea.

326 1573 430 1629 Avara
449 1570 480 1627 in
503 1589 619 1642 omnes,
642 1571 734 1645 inque
754 1589 867 1648 paucos
890 1570 1057 1640 commoda,

327 1655 458 1715 Sinistra
477 1654 572 1731 Regis
596 1665 643 1714 est
663 1657 845 1734 benignitas,
869 1674 943 1731 opes

327 1738 365 1808 Si,
380 1739 458 1816 pluit
478 1739 510 1797 in
533 1741 684 1813 homines,
707 1761 766 1799 non
789 1742 820 1798 in
843 1743 1005 1799 humanum
1026 1757 1133 1817 genus.

327 1909 377 1968 6⁰.
421 1907 588 1986 Sophistici
611 1918 695 1968 astus
716 1910 833 1966 irritum
857 1910 1025 1968 retunditur

326 1997 462 2053 Acumen
481 1994 513 2050 in
536 2013 570 2052 se
591 1995 779 2071 replicatum.
803 2013 894 2069 quum
916 1995 1015 2053 acrias

326 2080 453 2138 Videtur
475 2098 576 2156 agere,
600 2081 731 2157 stringit,
757 2089 788 2136 et
810 2099 872 2139 non
891 2081 1035 2157 perforat.

327 2249 377 2308 61.
421 2250 591 2308 Maledictis
612 2250 639 2307 sl
652 2249 713 2326 *qui
739 2257 842 2321 certat,
865 2249 968 2306 audiat
990 2248 1078 2305 male.

327 2333 424 2412 Qnam
441 2336 509 2410 quis
532 2355 595 2394 non
617 2342 762 2412 praestat,
783 2356 821 2393 ne
844 2336 945 2413 exigat
963 2335 1154 2393 modestiam.

340 2581 648 2657 ΣΤΡΩΜΑΤΕΥΣ
675 2582 932 2659 ΠΑΡΟΙΜΙΩΝ
955 2578 1232 2656 ΕΜΜΕΤΡΩΝ.

371 2751 510 2824 Iosephus
540 2750 674 2827 Scaliqer
706 2754 765 2810 Iul.
800 2752 880 2809 Caes.
917 2752 953 2809 F.
988 2752 1062 2807 lune
1092 2748 1247 2805 aureolam

328 2833 495 2892 Stromatm
503 2854 636 2893 οονοοωνο
643 2836 821 2895 Graecorum
827 2837 1054 2912 proverbialiam
1065 2832 1246 2907 amplissimo

328 2929 355 2977 et
368 2922 550 2993 inteperrimo
563 2923 625 2977 viro
641 2920 764 2979 Claudio
778 2923 908 2979 Prataano
924 2919 1061 2978 δεραίων·
1081 2918 1247 2974 Ραήείωνεί

327 3007 403 3063 dono
420 3004 496 3059 mian
517 3022 594 3061 anno
617 3004 723 3063 otras
745 3006 926 3082 Dionysiam
941 3004 1018 3065 clo.
1021 3004 1072 3064 10.
1075 3000 1249 3061 LXXXIV

327 3107 421 3146 menae
443 3088 530 3145 Iulio.

328 3169 498 3253 lloereavqi
520 3169 620 3250 δῶρον
643 3167 833 3237 Σκολανὸς
823 3177 943 3253 εταῖρος
966 3170 1089 3253 ἑταίρῳ,

370 3254 468 3320 Φίλος
489 3252 608 3334 ἀνὴρ
589 3257 700 3359 αρετῆς
718 3254 808 3335 ἀνέρι
829 3255 995 3357 φιλαρέτῳ,

331 3334 431 3400 Τοῦτο
453 3343 560 3421 σοφῶν
580 3335 675 3401 οἴνων
696 3337 889 3441 ἀκρόδροπον
912 3338 1016 3411 ἄνθος,
1041 3336 1157 3400 ἐπεὶ
1129 3360 1167 3398 σο

372 3420 502 3483 Ποοέων
527 3421 558 3491 ἐξ
581 3421 744 3527 ἀρετων
722 3444 815 3504 ακρον
838 3423 938 3485 ἄωτον
962 3422 1055 3506 ἔχεις.

329 3500 392 3571 Τὰς
414 3506 469 3586 μὲν
493 3505 719 3591 οτοιχούοος
697 3510 779 3588 πεζῇ
802 3508 853 3569 λίτ·
844 3530 901 3577 ον,
924 3507 1003 3589 eppe
991 3507 1086 3570 -λέων
1113 3505 1149 3567 δὲ

372 3586 483 3651 Μοῦνα
505 3589 593 3672 φέρω
616 3591 757 3671 λογάδων
780 3591 875 3674 μέτρα
895 3614 1042 3674 παροιμιε
1033 3591 1098 3654 ’.ων

323 3669 1178 3843 Ernstll⁰salin::llatae

734 3803 740 3843 ν

70 4129 719 4509 Α
