<?xml version="1.0" encoding="UTF-8"?>
<!DOCTYPE html PUBLIC "-//W3C//DTD XHTML 1.0 Transitional//EN"
    "http://www.w3.org/TR/xhtml1/DTD/xhtml1-transitional.dtd">
<html xmlns="http://www.w3.org/1999/xhtml" xml:lang="en" lang="en">
 <head>
  <title>
</title>
<meta http-equiv="Content-Type" content="text/html;charset=utf-8" />
  <meta name='ocr-system' content='tesseract 3.04.00' />
  <meta name='ocr-capabilities' content='ocr_page ocr_carea ocr_par ocr_line ocrx_word'/>
</head>
<body>
  <div class='ocr_page' id='page_1' title='image "./poemataomnia00scalgoog_0366.png"; bbox 0 0 2884 4650; ppageno 0'>
   <div class='ocr_carea' id='block_1_1' title="bbox 567 506 718 599">
    <p class='ocr_par' dir='ltr' id='par_1_1' title="bbox 567 506 718 599">
     <span class='ocr_line' id='line_1_1' title="bbox 567 506 718 599; baseline 0 -33"><span class='ocrx_word' id='word_1_1' title='bbox 567 506 718 599; x_wconf 52' lang='lat' dir='ltr'>„Q</span> 
     </span>
    </p>
   </div>
   <div class='ocr_carea' id='block_1_2' title="bbox 184 671 1168 1603">
    <p class='ocr_par' dir='ltr' id='par_1_2' title="bbox 186 671 927 750">
     <span class='ocr_line' id='line_1_2' title="bbox 186 671 927 750; baseline 0 -17"><span class='ocrx_word' id='word_1_2' title='bbox 186 671 259 734; x_wconf 87' lang='lat' dir='ltr'>Non</span> <span class='ocrx_word' id='word_1_3' title='bbox 279 690 373 750; x_wconf 88' lang='lat' dir='ltr'>usque</span> <span class='ocrx_word' id='word_1_4' title='bbox 393 675 483 732; x_wconf 88' lang='lat' dir='ltr'>nauci</span> <span class='ocrx_word' id='word_1_5' title='bbox 504 675 639 746; x_wconf 83' lang='lat' dir='ltr'>fecerim,</span> <span class='ocrx_word' id='word_1_6' title='bbox 661 675 733 748; x_wconf 87' lang='lat' dir='ltr'>quin</span> <span class='ocrx_word' id='word_1_7' title='bbox 752 675 885 734; x_wconf 91' lang='lat' dir='ltr'>omnium</span> <span class='ocrx_word' id='word_1_8' title='bbox 922 712 927 720; x_wconf 45' lang='grc' dir='ltr'><em>ι</em></span> 
     </span>
    </p>

    <p class='ocr_par' dir='ltr' id='par_1_3' title="bbox 184 757 1167 920">
     <span class='ocr_line' id='line_1_3' title="bbox 184 757 1167 834; baseline 0.003 -18"><span class='ocrx_word' id='word_1_9' title='bbox 184 757 277 826; x_wconf 56' lang='lat' dir='ltr'>,Illum</span> <span class='ocrx_word' id='word_1_10' title='bbox 296 757 440 832; x_wconf 84' lang='lat' dir='ltr'>virorum,</span> <span class='ocrx_word' id='word_1_11' title='bbox 463 766 534 834; x_wconf 91' lang='lat' dir='ltr'>post</span> <span class='ocrx_word' id='word_1_12' title='bbox 554 759 715 832; x_wconf 78' lang='lat' dir='ltr'><strong>Achillem,</strong></span> <span class='ocrx_word' id='word_1_13' title='bbox 735 778 933 831; x_wconf 84' lang='lat' dir='ltr'>acerrumum,</span> <span class='ocrx_word' id='word_1_14' title='bbox 1099 767 1167 824; x_wconf 75' lang='grc'>1340</span> 
     </span>
     <span class='ocr_line' id='line_1_4' title="bbox 189 843 936 920; baseline 0.003 -20"><span class='ocrx_word' id='word_1_15' title='bbox 189 843 368 920; x_wconf 79' lang='lat' dir='ltr'>Quicunque</span> <span class='ocrx_word' id='word_1_16' title='bbox 388 843 514 902; x_wconf 83' lang='lat' dir='ltr'>Troiam</span> <span class='ocrx_word' id='word_1_17' title='bbox 534 845 731 917; x_wconf 76' lang='lat' dir='ltr'>accessimus,</span> <span class='ocrx_word' id='word_1_18' title='bbox 754 847 936 903; x_wconf 88' lang='lat' dir='ltr'>vocaverim.</span> 
     </span>
    </p>

    <p class='ocr_par' dir='ltr' id='par_1_4' title="bbox 188 926 948 1003">
     <span class='ocr_line' id='line_1_5' title="bbox 188 926 948 1003; baseline 0 -15"><span class='ocrx_word' id='word_1_19' title='bbox 188 926 230 988; x_wconf 90' lang='lat' dir='ltr'>Ut</span> <span class='ocrx_word' id='word_1_20' title='bbox 250 928 338 987; x_wconf 93' lang='lat' dir='ltr'>flocci</span> <span class='ocrx_word' id='word_1_21' title='bbox 360 935 389 987; x_wconf 89' lang='lat' dir='ltr'>et</span> <span class='ocrx_word' id='word_1_22' title='bbox 410 929 495 988; x_wconf 90' lang='lat' dir='ltr'>illum</span> <span class='ocrx_word' id='word_1_23' title='bbox 520 930 631 1003; x_wconf 86' lang='lat' dir='ltr'>facere,</span> <span class='ocrx_word' id='word_1_24' title='bbox 654 947 782 988; x_wconf 76' lang='lat' dir='ltr'>caussae</span> <span class='ocrx_word' id='word_1_25' title='bbox 801 949 861 988; x_wconf 91' lang='lat' dir='ltr'>nou</span> <span class='ocrx_word' id='word_1_26' title='bbox 880 930 948 988; x_wconf 76' lang='lat' dir='ltr'>siet.</span> 
     </span>
    </p>

    <p class='ocr_par' dir='ltr' id='par_1_5' title="bbox 188 1011 886 1092">
     <span class='ocr_line' id='line_1_6' title="bbox 188 1011 886 1092; baseline 0.003 -22"><span class='ocrx_word' id='word_1_27' title='bbox 188 1011 270 1071; x_wconf 89' lang='lat' dir='ltr'>Nam</span> <span class='ocrx_word' id='word_1_28' title='bbox 289 1033 348 1071; x_wconf 92' lang='lat' dir='ltr'>non</span> <span class='ocrx_word' id='word_1_29' title='bbox 368 1014 433 1072; x_wconf 92' lang='lat' dir='ltr'>viro</span> <span class='ocrx_word' id='word_1_30' title='bbox 457 1014 514 1086; x_wconf 87' lang='lat' dir='ltr'>illi,</span> <span class='ocrx_word' id='word_1_31' title='bbox 534 1016 591 1073; x_wconf 87' lang='lat' dir='ltr'>sed</span> <span class='ocrx_word' id='word_1_32' title='bbox 612 1014 746 1074; x_wconf 88' lang='lat' dir='ltr'>Deerum</span> <span class='ocrx_word' id='word_1_33' title='bbox 767 1014 886 1092; x_wconf 83' lang='lat' dir='ltr'>legibus</span> 
     </span>
    </p>

    <p class='ocr_par' dir='ltr' id='par_1_6' title="bbox 187 1095 825 1158">
     <span class='ocr_line' id='line_1_7' title="bbox 187 1095 825 1158; baseline 0.002 -2"><span class='ocrx_word' id='word_1_34' title='bbox 187 1098 321 1158; x_wconf 89' lang='lat' dir='ltr'>Iniurius</span> <span class='ocrx_word' id='word_1_35' title='bbox 344 1098 398 1158; x_wconf 83' lang='lat' dir='ltr'>sis.</span> <span class='ocrx_word' id='word_1_36' title='bbox 420 1107 573 1158; x_wconf 86' lang='lat' dir='ltr'>caeterum</span> <span class='ocrx_word' id='word_1_37' title='bbox 595 1095 690 1158; x_wconf 72' lang='lat' dir='ltr'>iirum</span> <span class='ocrx_word' id='word_1_38' title='bbox 712 1100 825 1158; x_wconf 89' lang='lat' dir='ltr'>bonum</span> 
     </span>
    </p>

    <p class='ocr_par' dir='ltr' id='par_1_7' title="bbox 186 1182 1168 1347">
     <span class='ocr_line' id='line_1_8' title="bbox 186 1182 1168 1262; baseline 0.004 -22"><span class='ocrx_word' id='word_1_39' title='bbox 186 1182 348 1242; x_wconf 87' lang='lat' dir='ltr'>Incessere</span> <span class='ocrx_word' id='word_1_40' title='bbox 369 1183 449 1242; x_wconf 87' lang='lat' dir='ltr'>haud</span> <span class='ocrx_word' id='word_1_41' title='bbox 468 1185 517 1243; x_wconf 89' lang='lat' dir='ltr'>ius</span> <span class='ocrx_word' id='word_1_42' title='bbox 537 1192 708 1262; x_wconf 75' lang='lat' dir='ltr'>mortuum,</span> <span class='ocrx_word' id='word_1_43' title='bbox 721 1185 794 1243; x_wconf 91' lang='lat' dir='ltr'>licet</span> <span class='ocrx_word' id='word_1_44' title='bbox 816 1185 928 1245; x_wconf 88' lang='lat' dir='ltr'>oderis.</span> <span class='ocrx_word' id='word_1_45' title='bbox 1101 1191 1168 1245; x_wconf 74' lang='lat' dir='ltr'>lats</span> 
     </span>
     <span class='ocr_line' id='line_1_9' title="bbox 188 1267 1019 1347; baseline 0.001 -21"><span class='ocrx_word' id='word_1_46' title='bbox 188 1269 247 1346; x_wconf 76' lang='lat' dir='ltr'>Ag.</span> <span class='ocrx_word' id='word_1_47' title='bbox 290 1268 378 1327; x_wconf 86' lang='lat' dir='ltr'>Haec</span> <span class='ocrx_word' id='word_1_48' title='bbox 397 1269 469 1342; x_wconf 90' lang='lat' dir='ltr'>isto,</span> <span class='ocrx_word' id='word_1_49' title='bbox 492 1269 618 1346; x_wconf 88' lang='lat' dir='ltr'>Ulysse,</span> <span class='ocrx_word' id='word_1_50' title='bbox 637 1289 695 1346; x_wconf 89' lang='lat' dir='ltr'>pro</span> <span class='ocrx_word' id='word_1_51' title='bbox 713 1270 779 1330; x_wconf 85' lang='lat' dir='ltr'>viro</span> <span class='ocrx_word' id='word_1_52' title='bbox 799 1267 903 1347; x_wconf 80' lang='lat' dir='ltr'>iungas</span> <span class='ocrx_word' id='word_1_53' title='bbox 925 1269 1019 1328; x_wconf 80' lang='lat' dir='ltr'>mihi?</span> 
     </span>
    </p>

    <p class='ocr_par' dir='ltr' id='par_1_8' title="bbox 190 1352 982 1427">
     <span class='ocr_line' id='line_1_10' title="bbox 190 1352 982 1427; baseline -0.003 -13"><span class='ocrx_word' id='word_1_54' title='bbox 190 1353 241 1414; x_wconf 92' lang='lat' dir='ltr'>Ul.</span> <span class='ocrx_word' id='word_1_55' title='bbox 290 1352 396 1412; x_wconf 84' lang='lat' dir='ltr'>Plane.</span> <span class='ocrx_word' id='word_1_56' title='bbox 418 1354 473 1412; x_wconf 87' lang='lat' dir='ltr'>sed</span> <span class='ocrx_word' id='word_1_57' title='bbox 494 1355 555 1427; x_wconf 89' lang='lat' dir='ltr'>odi,</span> <span class='ocrx_word' id='word_1_58' title='bbox 579 1355 680 1414; x_wconf 87' lang='lat' dir='ltr'>odisse</span> <span class='ocrx_word' id='word_1_59' title='bbox 703 1374 770 1413; x_wconf 89' lang='lat' dir='ltr'>cnm</span> <span class='ocrx_word' id='word_1_60' title='bbox 791 1353 877 1412; x_wconf 87' lang='lat' dir='ltr'>licuit</span> <span class='ocrx_word' id='word_1_61' title='bbox 898 1354 982 1412; x_wconf 91' lang='lat' dir='ltr'>mihi.</span> 
     </span>
    </p>

    <p class='ocr_par' dir='ltr' id='par_1_9' title="bbox 188 1436 1003 1517">
     <span class='ocr_line' id='line_1_11' title="bbox 188 1436 1003 1517; baseline -0.001 -19"><span class='ocrx_word' id='word_1_62' title='bbox 188 1440 247 1515; x_wconf 79' lang='lat' dir='ltr'>Ag.</span> <span class='ocrx_word' id='word_1_63' title='bbox 290 1436 364 1497; x_wconf 90' lang='lat' dir='ltr'>Non</span> <span class='ocrx_word' id='word_1_64' title='bbox 388 1446 418 1496; x_wconf 91' lang='lat' dir='ltr'>et</span> <span class='ocrx_word' id='word_1_65' title='bbox 438 1439 549 1497; x_wconf 82' lang='lat' dir='ltr'>iacenti</span> <span class='ocrx_word' id='word_1_66' title='bbox 570 1447 600 1498; x_wconf 88' lang='lat' dir='ltr'>te</span> <span class='ocrx_word' id='word_1_67' title='bbox 623 1459 745 1517; x_wconf 90' lang='lat' dir='ltr'>quoque</span> <span class='ocrx_word' id='word_1_68' title='bbox 764 1439 913 1498; x_wconf 89' lang='lat' dir='ltr'>insultare</span> <span class='ocrx_word' id='word_1_69' title='bbox 933 1439 1003 1498; x_wconf 80' lang='lat' dir='ltr'>fas?</span> 
     </span>
    </p>

    <p class='ocr_par' dir='ltr' id='par_1_10' title="bbox 188 1522 1015 1603">
     <span class='ocr_line' id='line_1_12' title="bbox 188 1522 1015 1603; baseline -0.001 -20"><span class='ocrx_word' id='word_1_70' title='bbox 188 1522 239 1583; x_wconf 92' lang='lat' dir='ltr'>Ul.</span> <span class='ocrx_word' id='word_1_71' title='bbox 287 1523 466 1597; x_wconf 82' lang='lat' dir='ltr'>Inhonesta,</span> <span class='ocrx_word' id='word_1_72' title='bbox 488 1525 605 1599; x_wconf 84' lang='lat' dir='ltr'>Atrida,</span> <span class='ocrx_word' id='word_1_73' title='bbox 627 1526 711 1584; x_wconf 90' lang='lat' dir='ltr'>lucra</span> <span class='ocrx_word' id='word_1_74' title='bbox 728 1545 767 1583; x_wconf 92' lang='lat' dir='ltr'>ne</span> <span class='ocrx_word' id='word_1_75' title='bbox 788 1525 931 1603; x_wconf 80' lang='lat' dir='ltr'>placeant</span> <span class='ocrx_word' id='word_1_76' title='bbox 953 1524 1015 1584; x_wconf 90' lang='lat' dir='ltr'>tibi.</span> 
     </span>
    </p>
   </div>
   <div class='ocr_carea' id='block_1_3' title="bbox 76 1599 1170 1688">
    <p class='ocr_par' dir='ltr' id='par_1_11' title="bbox 76 1599 1170 1688">
     <span class='ocr_line' id='line_1_13' title="bbox 76 1599 1170 1688; baseline -0.001 -19"><span class='ocrx_word' id='word_1_77' title='bbox 76 1619 83 1632; x_wconf 82' lang='grc'><strong><em>’</em></strong></span> <span class='ocrx_word' id='word_1_78' title='bbox 114 1609 133 1620; x_wconf 84' lang='grc'><strong>”</strong></span> <span class='ocrx_word' id='word_1_79' title='bbox 188 1611 247 1686; x_wconf 87' lang='lat' dir='ltr'>Ag.</span> <span class='ocrx_word' id='word_1_80' title='bbox 290 1607 409 1683; x_wconf 88' lang='lat' dir='ltr'>Ubique</span> <span class='ocrx_word' id='word_1_81' title='bbox 427 1629 529 1688; x_wconf 85' lang='lat' dir='ltr'>regem</span> <span class='ocrx_word' id='word_1_82' title='bbox 554 1599 650 1668; x_wconf 84' lang='lat' dir='ltr'>colere</span> <span class='ocrx_word' id='word_1_83' title='bbox 669 1611 812 1687; x_wconf 86' lang='lat' dir='ltr'>pietatem</span> <span class='ocrx_word' id='word_1_84' title='bbox 835 1611 916 1669; x_wconf 88' lang='lat' dir='ltr'>haud</span> <span class='ocrx_word' id='word_1_85' title='bbox 932 1609 1024 1668; x_wconf 87' lang='lat' dir='ltr'>facul.</span> <span class='ocrx_word' id='word_1_86' title='bbox 1103 1609 1170 1664; x_wconf 84' lang='lat'>1350</span> 
     </span>
    </p>
   </div>
   <div class='ocr_carea' id='block_1_4' title="bbox 153 1692 1228 3731">
    <p class='ocr_par' dir='ltr' id='par_1_12' title="bbox 188 1692 1089 1778">
     <span class='ocr_line' id='line_1_14' title="bbox 188 1692 1089 1778; baseline -0.002 -24"><span class='ocrx_word' id='word_1_87' title='bbox 188 1693 240 1754; x_wconf 93' lang='lat' dir='ltr'>Ul.</span> <span class='ocrx_word' id='word_1_88' title='bbox 288 1692 404 1778; x_wconf 88' lang='lat' dir='ltr'>Scitum</span> <span class='ocrx_word' id='word_1_89' title='bbox 426 1704 483 1767; x_wconf 89' lang='lat' dir='ltr'>est,</span> <span class='ocrx_word' id='word_1_90' title='bbox 503 1696 607 1755; x_wconf 88' lang='lat' dir='ltr'>amicis</span> <span class='ocrx_word' id='word_1_91' title='bbox 627 1715 733 1774; x_wconf 84' lang='lat' dir='ltr'>gerere</span> <span class='ocrx_word' id='word_1_92' title='bbox 752 1715 879 1768; x_wconf 89' lang='lat' dir='ltr'>morem,</span> <span class='ocrx_word' id='word_1_93' title='bbox 901 1705 932 1754; x_wconf 87' lang='lat' dir='ltr'>et</span> <span class='ocrx_word' id='word_1_94' title='bbox 952 1694 1089 1770; x_wconf 86' lang='lat' dir='ltr'>obsequi.</span> 
     </span>
    </p>

    <p class='ocr_par' dir='ltr' id='par_1_13' title="bbox 187 1778 948 1858">
     <span class='ocr_line' id='line_1_15' title="bbox 187 1778 948 1858; baseline 0 -20"><span class='ocrx_word' id='word_1_95' title='bbox 187 1780 247 1856; x_wconf 82' lang='lat' dir='ltr'>Ag.</span> <span class='ocrx_word' id='word_1_96' title='bbox 289 1778 402 1837; x_wconf 88' lang='lat' dir='ltr'>Parere</span> <span class='ocrx_word' id='word_1_97' title='bbox 426 1787 545 1856; x_wconf 88' lang='lat' dir='ltr'>oportet</span> <span class='ocrx_word' id='word_1_98' title='bbox 565 1782 687 1858; x_wconf 86' lang='lat' dir='ltr'>regibus</span> <span class='ocrx_word' id='word_1_99' title='bbox 710 1783 806 1840; x_wconf 72' lang='lat' dir='ltr'>vnum</span> <span class='ocrx_word' id='word_1_100' title='bbox 825 1783 948 1840; x_wconf 90' lang='lat' dir='ltr'>bonum.</span> 
     </span>
    </p>

    <p class='ocr_par' dir='ltr' id='par_1_14' title="bbox 189 1863 836 1941">
     <span class='ocr_line' id='line_1_16' title="bbox 189 1863 836 1941; baseline 0 -17"><span class='ocrx_word' id='word_1_101' title='bbox 189 1863 241 1924; x_wconf 88' lang='lat' dir='ltr'>Ul.</span> <span class='ocrx_word' id='word_1_102' title='bbox 292 1864 433 1941; x_wconf 82' lang='lat' dir='ltr'>Quiesce.</span> <span class='ocrx_word' id='word_1_103' title='bbox 455 1866 552 1924; x_wconf 86' lang='lat' dir='ltr'>victus</span> <span class='ocrx_word' id='word_1_104' title='bbox 577 1886 630 1924; x_wconf 92' lang='lat' dir='ltr'>ore</span> <span class='ocrx_word' id='word_1_105' title='bbox 651 1865 752 1926; x_wconf 87' lang='lat' dir='ltr'>vicisti</span> <span class='ocrx_word' id='word_1_106' title='bbox 773 1873 836 1924; x_wconf 90' lang='lat' dir='ltr'>tuo.</span> 
     </span>
    </p>

    <p class='ocr_par' dir='ltr' id='par_1_15' title="bbox 189 1949 1045 2028">
     <span class='ocr_line' id='line_1_17' title="bbox 189 1949 1045 2028; baseline -0.002 -20"><span class='ocrx_word' id='word_1_107' title='bbox 189 1950 247 2025; x_wconf 78' lang='lat' dir='ltr'>Ag.</span> <span class='ocrx_word' id='word_1_108' title='bbox 291 1951 452 2022; x_wconf 84' lang='lat' dir='ltr'>Memento,</span> <span class='ocrx_word' id='word_1_109' title='bbox 475 1950 558 2024; x_wconf 87' lang='lat' dir='ltr'>quali</span> <span class='ocrx_word' id='word_1_110' title='bbox 578 1951 704 2028; x_wconf 86' lang='lat' dir='ltr'>gratiam</span> <span class='ocrx_word' id='word_1_111' title='bbox 725 1952 804 2008; x_wconf 83' lang='lat' dir='ltr'>hanc</span> <span class='ocrx_word' id='word_1_112' title='bbox 823 1951 946 2010; x_wconf 84' lang='lat' dir='ltr'>confers</span> <span class='ocrx_word' id='word_1_113' title='bbox 969 1949 1045 2007; x_wconf 89' lang='lat' dir='ltr'>viro.</span> 
     </span>
    </p>

    <p class='ocr_par' dir='ltr' id='par_1_16' title="bbox 189 2033 1228 2108">
     <span class='ocr_line' id='line_1_18' title="bbox 189 2033 1228 2108; baseline 0 -15"><span class='ocrx_word' id='word_1_114' title='bbox 189 2033 241 2093; x_wconf 89' lang='lat' dir='ltr'>Ul.</span> <span class='ocrx_word' id='word_1_115' title='bbox 289 2035 360 2094; x_wconf 84' lang='lat' dir='ltr'>Fuit</span> <span class='ocrx_word' id='word_1_116' title='bbox 380 2035 454 2094; x_wconf 90' lang='lat' dir='ltr'>mihi</span> <span class='ocrx_word' id='word_1_117' title='bbox 473 2036 571 2094; x_wconf 89' lang='lat' dir='ltr'>hostis</span> <span class='ocrx_word' id='word_1_118' title='bbox 597 2036 661 2108; x_wconf 89' lang='lat' dir='ltr'>ille,</span> <span class='ocrx_word' id='word_1_119' title='bbox 684 2036 739 2094; x_wconf 87' lang='lat' dir='ltr'>sed</span> <span class='ocrx_word' id='word_1_120' title='bbox 760 2037 850 2094; x_wconf 89' lang='lat' dir='ltr'>fortis</span> <span class='ocrx_word' id='word_1_121' title='bbox 873 2044 984 2096; x_wconf 88' lang='lat' dir='ltr'>tamen.</span> <span class='ocrx_word' id='word_1_122' title='bbox 1104 2039 1170 2093; x_wconf 80' lang='lat'>1355</span> <span class='ocrx_word' id='word_1_123' title='bbox 1225 2060 1228 2064; x_wconf 37' lang='lat'>⁸</span> 
     </span>
    </p>

    <p class='ocr_par' dir='ltr' id='par_1_17' title="bbox 187 2117 1104 2198">
     <span class='ocr_line' id='line_1_19' title="bbox 187 2117 1104 2198; baseline -0.005 -19"><span class='ocrx_word' id='word_1_124' title='bbox 187 2121 267 2198; x_wconf 82' lang='lat' dir='ltr'>Aga.</span> <span class='ocrx_word' id='word_1_125' title='bbox 308 2119 388 2193; x_wconf 87' lang='lat' dir='ltr'>Quid</span> <span class='ocrx_word' id='word_1_126' title='bbox 401 2121 464 2193; x_wconf 84' lang='lat' dir='ltr'>fiet,</span> <span class='ocrx_word' id='word_1_127' title='bbox 479 2120 531 2179; x_wconf 91' lang='lat' dir='ltr'>ubi</span> <span class='ocrx_word' id='word_1_128' title='bbox 544 2121 589 2178; x_wconf 88' lang='lat' dir='ltr'>sic</span> <span class='ocrx_word' id='word_1_129' title='bbox 606 2128 720 2179; x_wconf 87' lang='lat' dir='ltr'>mortuo</span> <span class='ocrx_word' id='word_1_130' title='bbox 735 2121 818 2179; x_wconf 88' lang='lat' dir='ltr'>hosti</span> <span class='ocrx_word' id='word_1_131' title='bbox 830 2121 976 2180; x_wconf 89' lang='lat' dir='ltr'>honorem</span> <span class='ocrx_word' id='word_1_132' title='bbox 988 2117 1104 2176; x_wconf 77' lang='lat' dir='ltr'>habes?</span> 
     </span>
    </p>

    <p class='ocr_par' dir='ltr' id='par_1_18' title="bbox 189 2202 1060 2282">
     <span class='ocr_line' id='line_1_20' title="bbox 189 2202 1060 2282; baseline -0.003 -17"><span class='ocrx_word' id='word_1_133' title='bbox 189 2205 241 2265; x_wconf 90' lang='lat' dir='ltr'>Ul.</span> <span class='ocrx_word' id='word_1_134' title='bbox 306 2206 410 2265; x_wconf 88' lang='lat' dir='ltr'>Virtus</span> <span class='ocrx_word' id='word_1_135' title='bbox 434 2213 538 2264; x_wconf 88' lang='lat' dir='ltr'>movet</span> <span class='ocrx_word' id='word_1_136' title='bbox 558 2225 616 2279; x_wconf 88' lang='lat' dir='ltr'>me,</span> <span class='ocrx_word' id='word_1_137' title='bbox 641 2207 932 2282; x_wconf 47' lang='lat' dir='ltr'>quamrsimultates,</span> <span class='ocrx_word' id='word_1_138' title='bbox 954 2202 1060 2280; x_wconf 82' lang='lat' dir='ltr'>magis.</span> 
     </span>
    </p>

    <p class='ocr_par' dir='ltr' id='par_1_19' title="bbox 188 2287 1084 2370">
     <span class='ocr_line' id='line_1_21' title="bbox 188 2287 1084 2370; baseline -0.007 -17"><span class='ocrx_word' id='word_1_139' title='bbox 188 2294 267 2370; x_wconf 81' lang='lat' dir='ltr'>Aga.</span> <span class='ocrx_word' id='word_1_140' title='bbox 312 2288 399 2365; x_wconf 86' lang='lat' dir='ltr'>Sunt,</span> <span class='ocrx_word' id='word_1_141' title='bbox 421 2291 473 2365; x_wconf 93' lang='lat' dir='ltr'>qui</span> <span class='ocrx_word' id='word_1_142' title='bbox 495 2291 596 2351; x_wconf 85' lang='lat' dir='ltr'>solent</span> <span class='ocrx_word' id='word_1_143' title='bbox 616 2292 691 2351; x_wconf 90' lang='lat' dir='ltr'>haec</span> <span class='ocrx_word' id='word_1_144' title='bbox 712 2292 824 2365; x_wconf 89' lang='lat' dir='ltr'>facere,</span> <span class='ocrx_word' id='word_1_145' title='bbox 847 2290 994 2350; x_wconf 88' lang='lat' dir='ltr'>vecordes</span> <span class='ocrx_word' id='word_1_146' title='bbox 1017 2287 1084 2347; x_wconf 89' lang='lat' dir='ltr'>viri.</span> 
     </span>
    </p>

    <p class='ocr_par' dir='ltr' id='par_1_20' title="bbox 189 2376 941 2454">
     <span class='ocr_line' id='line_1_22' title="bbox 189 2376 941 2454; baseline -0.007 -15"><span class='ocrx_word' id='word_1_147' title='bbox 189 2378 241 2439; x_wconf 84' lang='lat' dir='ltr'>Ul.</span> <span class='ocrx_word' id='word_1_148' title='bbox 311 2379 362 2449; x_wconf 83' lang='lat' dir='ltr'>At,</span> <span class='ocrx_word' id='word_1_149' title='bbox 385 2376 437 2453; x_wconf 92' lang='lat' dir='ltr'>qui</span> <span class='ocrx_word' id='word_1_150' title='bbox 459 2377 533 2436; x_wconf 90' lang='lat' dir='ltr'>boni</span> <span class='ocrx_word' id='word_1_151' title='bbox 554 2378 649 2450; x_wconf 89' lang='lat' dir='ltr'>fuere,</span> <span class='ocrx_word' id='word_1_152' title='bbox 671 2386 742 2454; x_wconf 89' lang='lat' dir='ltr'>post</span> <span class='ocrx_word' id='word_1_153' title='bbox 763 2379 839 2435; x_wconf 89' lang='lat' dir='ltr'>fiunt</span> <span class='ocrx_word' id='word_1_154' title='bbox 859 2376 941 2434; x_wconf 91' lang='lat' dir='ltr'>mali.</span> 
     </span>
    </p>

    <p class='ocr_par' dir='ltr' id='par_1_21' title="bbox 189 2462 1172 2541">
     <span class='ocr_line' id='line_1_23' title="bbox 189 2462 1172 2541; baseline -0.004 -18"><span class='ocrx_word' id='word_1_155' title='bbox 189 2466 268 2541; x_wconf 84' lang='lat' dir='ltr'>Aga.</span> <span class='ocrx_word' id='word_1_156' title='bbox 313 2462 407 2521; x_wconf 88' lang='lat' dir='ltr'>Tales</span> <span class='ocrx_word' id='word_1_157' title='bbox 428 2463 540 2521; x_wconf 88' lang='lat' dir='ltr'>amicos</span> <span class='ocrx_word' id='word_1_158' title='bbox 566 2481 640 2521; x_wconf 89' lang='lat' dir='ltr'>esse·</span> <span class='ocrx_word' id='word_1_159' title='bbox 660 2462 801 2539; x_wconf 90' lang='lat' dir='ltr'>postules</span> <span class='ocrx_word' id='word_1_160' title='bbox 821 2462 897 2520; x_wconf 77' lang='lat' dir='ltr'>tibi?</span> <span class='ocrx_word' id='word_1_161' title='bbox 1105 2464 1172 2519; x_wconf 82' lang='grc'>1360</span> 
     </span>
    </p>

    <p class='ocr_par' dir='ltr' id='par_1_22' title="bbox 190 2546 1084 2621">
     <span class='ocr_line' id='line_1_24' title="bbox 190 2546 1084 2621; baseline -0.007 -12"><span class='ocrx_word' id='word_1_162' title='bbox 190 2548 242 2609; x_wconf 92' lang='lat' dir='ltr'>Ul.</span> <span class='ocrx_word' id='word_1_163' title='bbox 311 2546 381 2605; x_wconf 86' lang='lat' dir='ltr'>Non</span> <span class='ocrx_word' id='word_1_164' title='bbox 403 2547 494 2606; x_wconf 88' lang='lat' dir='ltr'>laudo</span> <span class='ocrx_word' id='word_1_165' title='bbox 514 2547 618 2605; x_wconf 89' lang='lat' dir='ltr'>duram</span> <span class='ocrx_word' id='word_1_166' title='bbox 640 2556 782 2621; x_wconf 89' lang='lat' dir='ltr'>mentem,</span> <span class='ocrx_word' id='word_1_167' title='bbox 803 2555 833 2605; x_wconf 91' lang='lat' dir='ltr'>et</span> <span class='ocrx_word' id='word_1_168' title='bbox 853 2546 1084 2605; x_wconf 76' lang='lat' dir='ltr'>intractabilem.</span> 
     </span>
    </p>

    <p class='ocr_par' dir='ltr' id='par_1_23' title="bbox 176 2631 1086 2711">
     <span class='ocr_line' id='line_1_25' title="bbox 176 2631 1086 2711; baseline -0.001 -20"><span class='ocrx_word' id='word_1_169' title='bbox 176 2636 268 2711; x_wconf 69' lang='lat' dir='ltr'>,Aga</span> <span class='ocrx_word' id='word_1_170' title='bbox 313 2631 362 2690; x_wconf 84' lang='lat' dir='ltr'>Tu</span> <span class='ocrx_word' id='word_1_171' title='bbox 380 2651 437 2692; x_wconf 91' lang='lat' dir='ltr'>nos</span> <span class='ocrx_word' id='word_1_172' title='bbox 461 2633 607 2709; x_wconf 90' lang='lat' dir='ltr'>probabis</span> <span class='ocrx_word' id='word_1_173' title='bbox 633 2634 692 2692; x_wconf 93' lang='lat' dir='ltr'>hoc</span> <span class='ocrx_word' id='word_1_174' title='bbox 713 2633 761 2690; x_wconf 89' lang='lat' dir='ltr'>die</span> <span class='ocrx_word' id='word_1_175' title='bbox 783 2632 1019 2710; x_wconf 87' lang='lat' dir='ltr'>ignavissumos.</span> <span class='ocrx_word' id='word_1_176' title='bbox 1082 2676 1086 2690; x_wconf 92' lang='lat'>.</span> 
     </span>
    </p>

    <p class='ocr_par' dir='ltr' id='par_1_24' title="bbox 190 2713 1015 2779">
     <span class='ocr_line' id='line_1_26' title="bbox 190 2713 1015 2779; baseline -0.004 0"><span class='ocrx_word' id='word_1_177' title='bbox 190 2713 243 2779; x_wconf 89' lang='lat' dir='ltr'>Ul.</span> <span class='ocrx_word' id='word_1_178' title='bbox 307 2719 349 2777; x_wconf 79' lang='lat' dir='ltr'>At</span> <span class='ocrx_word' id='word_1_179' title='bbox 367 2736 425 2776; x_wconf 90' lang='lat' dir='ltr'>nos</span> <span class='ocrx_word' id='word_1_180' title='bbox 448 2726 481 2775; x_wconf 91' lang='lat' dir='ltr'>tu</span> <span class='ocrx_word' id='word_1_181' title='bbox 503 2718 627 2777; x_wconf 88' lang='lat' dir='ltr'>Achivis</span> <span class='ocrx_word' id='word_1_182' title='bbox 648 2718 788 2778; x_wconf 91' lang='lat' dir='ltr'>omnibus</span> <span class='ocrx_word' id='word_1_183' title='bbox 810 2716 1015 2776; x_wconf 88' lang='lat' dir='ltr'>iustissumos.</span> 
     </span>
    </p>

    <p class='ocr_par' dir='ltr' id='par_1_25' title="bbox 191 2802 925 2881">
     <span class='ocr_line' id='line_1_27' title="bbox 191 2802 925 2881; baseline -0.003 -20"><span class='ocrx_word' id='word_1_184' title='bbox 191 2806 270 2881; x_wconf 82' lang='lat' dir='ltr'>Aga.</span> <span class='ocrx_word' id='word_1_185' title='bbox 314 2803 441 2876; x_wconf 82' lang='lat' dir='ltr'>Iobatis,</span> <span class='ocrx_word' id='word_1_186' title='bbox 462 2803 545 2861; x_wconf 89' lang='lat' dir='ltr'>istud</span> <span class='ocrx_word' id='word_1_187' title='bbox 564 2803 664 2861; x_wconf 58' lang='lat' dir='ltr'>funus*</span> <span class='ocrx_word' id='word_1_188' title='bbox 677 2803 786 2879; x_wconf 83' lang='lat' dir='ltr'>exequi</span> <span class='ocrx_word' id='word_1_189' title='bbox 802 2802 925 2861; x_wconf 77' lang='lat' dir='ltr'>sinam?</span> 
     </span>
    </p>

    <p class='ocr_par' dir='ltr' id='par_1_26' title="bbox 191 2887 1173 3052">
     <span class='ocr_line' id='line_1_28' title="bbox 191 2887 1173 2949; baseline -0.003 0"><span class='ocrx_word' id='word_1_190' title='bbox 191 2889 243 2949; x_wconf 92' lang='lat' dir='ltr'>Ul.</span> <span class='ocrx_word' id='word_1_191' title='bbox 313 2888 465 2947; x_wconf 89' lang='lat' dir='ltr'>Iubemus.</span> <span class='ocrx_word' id='word_1_192' title='bbox 489 2888 565 2945; x_wconf 88' lang='lat' dir='ltr'>idom</span> <span class='ocrx_word' id='word_1_193' title='bbox 588 2908 658 2946; x_wconf 86' lang='lat' dir='ltr'>nam</span> <span class='ocrx_word' id='word_1_194' title='bbox 678 2896 781 2947; x_wconf 91' lang='lat' dir='ltr'>manet</span> <span class='ocrx_word' id='word_1_195' title='bbox 803 2907 857 2946; x_wconf 91' lang='lat' dir='ltr'>nos</span> <span class='ocrx_word' id='word_1_196' title='bbox 880 2887 989 2945; x_wconf 87' lang='lat' dir='ltr'>exitus.</span> <span class='ocrx_word' id='word_1_197' title='bbox 1106 2890 1173 2946; x_wconf 77' lang='lat'><strong>1365</strong></span> 
     </span>
     <span class='ocr_line' id='line_1_29' title="bbox 191 2971 1035 3052; baseline -0.006 -19"><span class='ocrx_word' id='word_1_198' title='bbox 191 2976 270 3052; x_wconf 83' lang='lat' dir='ltr'>Aga.</span> <span class='ocrx_word' id='word_1_199' title='bbox 314 2973 357 3033; x_wconf 93' lang='lat' dir='ltr'>Ut</span> <span class='ocrx_word' id='word_1_200' title='bbox 376 2974 467 3031; x_wconf 92' lang='lat' dir='ltr'>rebus</span> <span class='ocrx_word' id='word_1_201' title='bbox 486 2972 626 3033; x_wconf 91' lang='lat' dir='ltr'>homiues</span> <span class='ocrx_word' id='word_1_202' title='bbox 649 2974 788 3032; x_wconf 90' lang='lat' dir='ltr'>omnibus</span> <span class='ocrx_word' id='word_1_203' title='bbox 812 2980 954 3050; x_wconf 85' lang='lat' dir='ltr'>satagunt</span> <span class='ocrx_word' id='word_1_204' title='bbox 978 2971 1035 3029; x_wconf 91' lang='lat' dir='ltr'>sui.</span> 
     </span>
    </p>

    <p class='ocr_par' dir='ltr' id='par_1_27' title="bbox 153 3052 981 3136">
     <span class='ocr_line' id='line_1_30' title="bbox 153 3052 981 3136; baseline -0.008 -16"><span class='ocrx_word' id='word_1_205' title='bbox 153 3052 155 3056; x_wconf 54' lang='grc'>’</span> <span class='ocrx_word' id='word_1_206' title='bbox 192 3059 244 3120; x_wconf 87' lang='lat' dir='ltr'>Ul.</span> <span class='ocrx_word' id='word_1_207' title='bbox 314 3056 448 3117; x_wconf 84' lang='lat' dir='ltr'>Cuiusne</span> <span class='ocrx_word' id='word_1_208' title='bbox 467 3058 581 3134; x_wconf 89' lang='lat' dir='ltr'>potius,</span> <span class='ocrx_word' id='word_1_209' title='bbox 602 3077 690 3133; x_wconf 86' lang='lat' dir='ltr'>quam</span> <span class='ocrx_word' id='word_1_210' title='bbox 708 3059 779 3133; x_wconf 89' lang='lat' dir='ltr'>mei,</span> <span class='ocrx_word' id='word_1_211' title='bbox 800 3056 981 3136; x_wconf 84' lang='lat' dir='ltr'>sategerim?</span> 
     </span>
    </p>

    <p class='ocr_par' dir='ltr' id='par_1_28' title="bbox 192 3138 1105 3221">
     <span class='ocr_line' id='line_1_31' title="bbox 192 3138 1105 3221; baseline -0.009 -18"><span class='ocrx_word' id='word_1_212' title='bbox 192 3146 272 3221; x_wconf 80' lang='lat' dir='ltr'>Aga.</span> <span class='ocrx_word' id='word_1_213' title='bbox 315 3143 363 3201; x_wconf 87' lang='lat' dir='ltr'>Ita</span> <span class='ocrx_word' id='word_1_214' title='bbox 375 3151 408 3201; x_wconf 93' lang='lat' dir='ltr'>ut</span> <span class='ocrx_word' id='word_1_215' title='bbox 423 3150 507 3201; x_wconf 90' lang='lat' dir='ltr'>tuum</span> <span class='ocrx_word' id='word_1_216' title='bbox 518 3144 576 3202; x_wconf 91' lang='lat' dir='ltr'>hoc</span> <span class='ocrx_word' id='word_1_217' title='bbox 591 3144 641 3216; x_wconf 87' lang='lat' dir='ltr'>sit,</span> <span class='ocrx_word' id='word_1_218' title='bbox 656 3164 715 3202; x_wconf 92' lang='lat' dir='ltr'>non</span> <span class='ocrx_word' id='word_1_219' title='bbox 729 3164 828 3203; x_wconf 90' lang='lat' dir='ltr'>meum</span> <span class='ocrx_word' id='word_1_220' title='bbox 839 3142 980 3218; x_wconf 87' lang='lat' dir='ltr'>quicquid</span> <span class='ocrx_word' id='word_1_221' title='bbox 993 3138 1105 3198; x_wconf 88' lang='lat' dir='ltr'>estrei.</span> 
     </span>
    </p>

    <p class='ocr_par' dir='ltr' id='par_1_29' title="bbox 193 3224 1021 3302">
     <span class='ocr_line' id='line_1_32' title="bbox 193 3224 1021 3302; baseline -0.008 -13"><span class='ocrx_word' id='word_1_222' title='bbox 193 3229 245 3289; x_wconf 85' lang='lat' dir='ltr'>Ul.</span> <span class='ocrx_word' id='word_1_223' title='bbox 316 3228 459 3289; x_wconf 91' lang='lat' dir='ltr'>Omnino.</span> <span class='ocrx_word' id='word_1_224' title='bbox 483 3230 629 3287; x_wconf 86' lang='lat' dir='ltr'>utrumvis</span> <span class='ocrx_word' id='word_1_225' title='bbox 652 3230 773 3302; x_wconf 88' lang='lat' dir='ltr'>feceris,</span> <span class='ocrx_word' id='word_1_226' title='bbox 802 3231 881 3288; x_wconf 91' lang='lat' dir='ltr'>bene</span> <span class='ocrx_word' id='word_1_227' title='bbox 900 3224 1021 3286; x_wconf 85' lang='lat' dir='ltr'>feceris.</span> 
     </span>
    </p>

    <p class='ocr_par' dir='ltr' id='par_1_30' title="bbox 193 3312 1175 3391">
     <span class='ocr_line' id='line_1_33' title="bbox 193 3312 1175 3391; baseline -0.005 -18"><span class='ocrx_word' id='word_1_228' title='bbox 193 3316 272 3391; x_wconf 80' lang='lat' dir='ltr'>Aga.</span> <span class='ocrx_word' id='word_1_229' title='bbox 315 3313 428 3371; x_wconf 86' lang='lat' dir='ltr'>Verum</span> <span class='ocrx_word' id='word_1_230' title='bbox 448 3314 522 3372; x_wconf 91' lang='lat' dir='ltr'>mihi</span> <span class='ocrx_word' id='word_1_231' title='bbox 538 3314 620 3373; x_wconf 88' lang='lat' dir='ltr'>istud</span> <span class='ocrx_word' id='word_1_232' title='bbox 639 3316 816 3387; x_wconf 88' lang='lat' dir='ltr'>autumanti,</span> <span class='ocrx_word' id='word_1_233' title='bbox 836 3312 978 3371; x_wconf 88' lang='lat' dir='ltr'>creduas:</span> <span class='ocrx_word' id='word_1_234' title='bbox 1108 3312 1175 3368; x_wconf 84' lang='grc'>1373</span> 
     </span>
    </p>

    <p class='ocr_par' dir='ltr' id='par_1_31' title="bbox 193 3398 854 3458">
     <span class='ocr_line' id='line_1_34' title="bbox 193 3398 854 3458; baseline -0.006 0"><span class='ocrx_word' id='word_1_235' title='bbox 193 3399 252 3458; x_wconf 93' lang='lat' dir='ltr'>Vel</span> <span class='ocrx_word' id='word_1_236' title='bbox 275 3398 374 3457; x_wconf 91' lang='lat' dir='ltr'>maius</span> <span class='ocrx_word' id='word_1_237' title='bbox 395 3400 453 3458; x_wconf 89' lang='lat' dir='ltr'>isto</span> <span class='ocrx_word' id='word_1_238' title='bbox 476 3418 584 3458; x_wconf 92' lang='lat' dir='ltr'>munus</span> <span class='ocrx_word' id='word_1_239' title='bbox 606 3400 767 3458; x_wconf 81' lang='lat' dir='ltr'>attribuam</span> <span class='ocrx_word' id='word_1_240' title='bbox 789 3400 854 3457; x_wconf 90' lang='lat' dir='ltr'>tibi.</span> 
     </span>
    </p>

    <p class='ocr_par' dir='ltr' id='par_1_32' title="bbox 194 3480 905 3561">
     <span class='ocr_line' id='line_1_35' title="bbox 194 3480 905 3561; baseline -0.008 -17"><span class='ocrx_word' id='word_1_241' title='bbox 194 3487 236 3544; x_wconf 87' lang='lat' dir='ltr'>At</span> <span class='ocrx_word' id='word_1_242' title='bbox 258 3484 308 3543; x_wconf 83' lang='lat' dir='ltr'>vel</span> <span class='ocrx_word' id='word_1_243' title='bbox 332 3483 493 3561; x_wconf 90' lang='lat' dir='ltr'>sepulchro</span> <span class='ocrx_word' id='word_1_244' title='bbox 514 3484 652 3558; x_wconf 85' lang='lat' dir='ltr'>affectus,</span> <span class='ocrx_word' id='word_1_245' title='bbox 673 3485 812 3544; x_wconf 90' lang='lat' dir='ltr'>inimicus</span> <span class='ocrx_word' id='word_1_246' title='bbox 831 3480 905 3539; x_wconf 84' lang='lat' dir='ltr'>mihi</span> 
     </span>
    </p>

    <p class='ocr_par' dir='ltr' id='par_1_33' title="bbox 193 3569 973 3647">
     <span class='ocr_line' id='line_1_36' title="bbox 193 3569 973 3647; baseline -0.01 -18"><span class='ocrx_word' id='word_1_247' title='bbox 193 3569 262 3629; x_wconf 83' lang='lat' dir='ltr'>Erit</span> <span class='ocrx_word' id='word_1_248' title='bbox 282 3570 352 3643; x_wconf 87' lang='lat' dir='ltr'>iste,</span> <span class='ocrx_word' id='word_1_249' title='bbox 372 3577 403 3627; x_wconf 93' lang='lat' dir='ltr'>tu</span> <span class='ocrx_word' id='word_1_250' title='bbox 424 3569 473 3628; x_wconf 83' lang='lat' dir='ltr'>fac</span> <span class='ocrx_word' id='word_1_251' title='bbox 496 3590 585 3629; x_wconf 92' lang='lat' dir='ltr'>omne</span> <span class='ocrx_word' id='word_1_252' title='bbox 608 3570 793 3647; x_wconf 86' lang='lat' dir='ltr'>quodfacto</span> <span class='ocrx_word' id='word_1_253' title='bbox 817 3573 864 3625; x_wconf 90' lang='lat' dir='ltr'>est</span> <span class='ocrx_word' id='word_1_254' title='bbox 886 3582 973 3641; x_wconf 90' lang='lat' dir='ltr'>opus.</span> 
     </span>
    </p>

    <p class='ocr_par' dir='ltr' id='par_1_34' title="bbox 196 3647 1031 3731">
     <span class='ocr_line' id='line_1_37' title="bbox 196 3647 1031 3731; baseline -0.007 -19"><span class='ocrx_word' id='word_1_255' title='bbox 196 3652 252 3713; x_wconf 85' lang='lat' dir='ltr'>Oh.</span> <span class='ocrx_word' id='word_1_256' title='bbox 297 3654 486 3731; x_wconf 82' lang='lat' dir='ltr'>Quicunque,</span> <span class='ocrx_word' id='word_1_257' title='bbox 506 3655 634 3731; x_wconf 88' lang='lat' dir='ltr'>Ulysse,</span> <span class='ocrx_word' id='word_1_258' title='bbox 656 3673 763 3730; x_wconf 88' lang='lat' dir='ltr'>sapere</span> <span class='ocrx_word' id='word_1_259' title='bbox 783 3662 814 3709; x_wconf 90' lang='lat' dir='ltr'>te</span> <span class='ocrx_word' id='word_1_260' title='bbox 838 3670 900 3709; x_wconf 92' lang='lat' dir='ltr'>non</span> <span class='ocrx_word' id='word_1_261' title='bbox 922 3647 1031 3709; x_wconf 68' lang='lat' dir='ltr'>dixemt</span> 
     </span>
    </p>
   </div>
   <div class='ocr_carea' id='block_1_5' title="bbox 194 3735 1176 3830">
    <p class='ocr_par' dir='ltr' id='par_1_35' title="bbox 194 3735 1176 3830">
     <span class='ocr_line' id='line_1_38' title="bbox 194 3735 1176 3830; baseline -0.006 -33"><span class='ocrx_word' id='word_1_262' title='bbox 194 3738 304 3830; x_wconf 84' lang='lat' dir='ltr'>Talem</span> <span class='ocrx_word' id='word_1_263' title='bbox 329 3740 435 3811; x_wconf 84' lang='lat' dir='ltr'>virum,</span> <span class='ocrx_word' id='word_1_264' title='bbox 459 3746 489 3797; x_wconf 91' lang='lat' dir='ltr'>et</span> <span class='ocrx_word' id='word_1_265' title='bbox 511 3748 636 3814; x_wconf 85' lang='lat' dir='ltr'>tantum,</span> <span class='ocrx_word' id='word_1_266' title='bbox 653 3740 707 3798; x_wconf 88' lang='lat' dir='ltr'>ille</span> <span class='ocrx_word' id='word_1_267' title='bbox 729 3756 801 3797; x_wconf 85' lang='lat' dir='ltr'>vero</span> <span class='ocrx_word' id='word_1_268' title='bbox 825 3735 947 3811; x_wconf 85' lang='lat' dir='ltr'>desipit.</span> <span class='ocrx_word' id='word_1_269' title='bbox 1109 3736 1176 3793; x_wconf 78' lang='lat'><strong>1375</strong></span> 
     </span>
    </p>
   </div>
   <div class='ocr_carea' id='block_1_6' title="bbox 0 0 1456 4650">
    <p class='ocr_par' dir='ltr' id='par_1_36' title="bbox 0 0 1456 4650">
     <span class='ocr_line' id='line_1_39' title="bbox 0 0 1456 4650; baseline 0 0"><span class='ocrx_word' id='word_1_270' title='bbox 0 0 1456 4650; x_wconf 95' lang='lat' dir='ltr'> </span> 
     </span>
    </p>
   </div>
  </div>
 </body>
</html>
