2884 4650
706 568 856 660 -3—1-2-

322 736 482 810 Vecordis,
500 737 667 796 insessoris
691 737 783 794 etiam
804 735 929 794 exerciti

321 824 457 882 Fratrem
480 829 618 882 vocaret:
639 821 683 879 nil
704 830 807 878 vetare
828 841 888 895 quo
910 821 1010 880 minus

324 906 472 968 Saxorum
493 908 609 966 acervis
633 908 758 966 obrutus'
782 914 908 964 mortem
929 915 1061 984 oppetat.

322 994 426 1068 quue
448 1012 498 1052 res
518 993 631 1051 rediret
650 999 684 1048 ut
705 992 824 1069 gladios
847 991 912 1049 suis

255 1074 307 1128 730
324 1077 444 1155 Vagina
466 1080 581 1137 eburna
602 1077 767 1135 liberarent
789 1076 933 1134 dexteris.
1003 1073 1007 1084 '

234 1157 237 1162 ¹
325 1161 387 1224 Sed
407 1164 501 1221 verbo
526 1163 623 1221 amico
645 1163 785 1239 reprimit
803 1161 938 1238 gliscens
959 1161 1072 1220 malum

325 1246 438 1308 Senum
461 1267 557 1307 senex
581 1253 679 1306 aetate
700 1246 966 1323 provectissumns.

323 1332 414 1391 Nunc
432 1352 504 1391 vero
526 1333 577 1391 ubi
600 1333 682 1402 Aiax
703 1340 761 1405 est,
792 1339 825 1389 ut
843 1331 890 1388 illi
908 1332 983 1388 haec
1002 1333 1155 1393 indicem?

323 1417 466 1476 Dominis
490 1418 644 1494 negotium
667 1437 757 1475 omne
779 1417 914 1494 pandere
927 1418 1064 1493 expedit.

255 1497 307 1552 735
326 1501 381 1562 ch.
425 1501 498 1561 Non
521 1510 569 1560 est
588 1503 615 1560 is
638 1503 733 1575 intus,
755 1521 859 1560 verum
880 1502 975 1560 abivit
994 1502 1054 1560 iam
1076 1505 1184 1578 modo,

324 1586 460 1646 Consilia
481 1595 607 1646 nectens
631 1589 767 1646 moribus
786 1587 873 1646 novis
893 1607 982 1646 nova.

323 1671 424 1730 Nunc.
470 1672 552 1744 Heu,
572 1673 641 1730 heu.

325 1756 385 1832 Qui
406 1757 490 1816 misit
509 1758 600 1817 istam
621 1778 670 1815 me
691 1759 783 1830 viam,
803 1765 854 1814 aut
872 1777 921 1814 me
941 1776 1007 1815 eam
1030 1758 1110 1816 viam

324 1841 424 1901 Tarde
446 1843 492 1900 illi
510 1843 603 1917 misit,
627 1851 678 1901 aut
699 1863 756 1921 ego
779 1843 884 1900 tardus
905 1842 958 1900 fui.

255 1926 307 1980 740
325 1925 380 1986 ch.
422 1926 500 2001 Quid
524 1937 571 1988 est
593 1930 672 2004 qnod
693 1929 752 1986 hae
764 1928 796 1986 in
808 1948 842 1985 re
857 1928 1066 2002 exequendum
1077 1928 1246 1990 omiseris?

322 2012 423 2071 Nunc.
463 2012 583 2072 Teucer
604 2016 737 2086 vetabat,
760 2034 799 2071 ne
821 2014 913 2071 domo
936 2013 1017 2071 Aiax
1037 2021 1128 2070 antea

321 2098 424 2171 Prius,
446 2119 536 2174 quam
559 2099 683 2158 adesset
702 2100 782 2176 ipse,
806 2097 939 2176 prodiret
955 2098 1050 2157 foras.

323 2182 379 2242 ch.
425 2182 577 2258 Sequutus
600 2193 648 2243 est
668 2185 802 2243 meliora.
826 2202 936 2260 nempe
958 2183 1110 2242 maxumis

321 2267 434 2326 Pacem
457 2269 591 2329 Deorum
613 2270 755 2347 precibus
781 2287 951 2344 exposcens
972 2271 1069 2329 abest.

254 2356 305 2413 745
322 2352 422 2413 Nunc.
466 2355 552 2413 Haec
570 2358 664 2414 verba
682 2356 776 2433 plane
797 2355 889 2430 plena
909 2363 980 2412 suut
1000 2354 1183 2426 dementiae,

322 2440 362 2497 Et
383 2440 486 2514 stulta,
508 2442 536 2499 si
554 2441 625 2515 quid
644 2459 797 2519 augurans
811 2438 940 2498 Calchas
964 2440 1053 2516 sapit.

324 2522 379 2583 Ch.
425 2523 540 2598 Quibus
563 2526 624 2584 ista
644 2528 765 2585 tandem
788 2526 883 2583 fretus
901 2524 1022 2584 indiciis
1044 2524 1112 2583 ais?

321 2607 421 2667 Nunc.
466 2612 531 2689 Ego
552 2621 707 2690 superstes
731 2612 815 2684 affui,
837 2619 927 2685 atque
946 2610 1079 2668 interfui.

321 2691 461 2768 Namque
484 2716 501 2753 e
527 2715 649 2771 corona,
673 2706 704 2755 et
722 2696 815 2775 regiis
839 2694 965 2754 comitiis

254 2781 306 2836 750
325 2776 455 2839 Calchas
475 2784 619 2860 resurgit:
644 2802 780 2841 seorsum
803 2781 925 2839 Atridas
948 2782 1076 2840 deserit:

321 2862 471 2922 Teucrum
490 2868 669 2942 prehendit:
694 2867 851 2945 copulatur
873 2866 1032 2926 dexteras:

319 2949 406 3006 Infit:
430 2960 585 3009 recenset:
605 2953 731 3011 mandat
749 2952 889 3011 omnibus
913 2953 1025 3023 modis,

320 3034 445 3093 Aiacem
465 3042 499 3093 ut
517 3036 606 3094 hodie
630 3038 735 3096 sedulo
757 3038 917 3095 coercitum
1024 3032 1026 3036 ’

321 3121 407 3178 Intus
430 3127 559 3193 teneret,
583 3141 638 3179 nec
660 3122 745 3180 foras
769 3122 933 3179 emitteret:

253 3203 304 3256 755
324 3203 357 3266 Si
377 3205 469 3264 vellet
486 3205 571 3264 illum
593 3208 749 3283 sospitem,
772 3225 808 3263 ac
830 3207 1034 3283 superstitem.

322 3289 455 3367 Nunque
477 3292 566 3365 hanc,
588 3310 686 3367 neque
709 3292 789 3349 ultra
808 3292 868 3367 (sic
888 3292 967 3350 enim
988 3285 1137 3369 autumat)
1160 3289 1246 3349 diem
1349 3355 1350 3380 1

321 3375 412 3433 Illum
434 3377 589 3435 Minervae
611 3378 693 3434 dirus
716 3385 838 3433 exercet
856 3377 950 3435 furor.

323 3457 405 3517 Nam
423 3462 530 3521 molem
552 3464 673 3521 inanem
696 3479 857 3537 corporum
878 3471 968 3537 atque
987 3458 1126 3519 inutilem

323 3544 422 3602 Missa
441 3549 529 3607 ruina
552 3549 678 3607 caelitus
698 3548 897 3623 procumbere

253 3630 306 3683 760
322 3627 506 3690 Perhibebat
525 3652 630 3711 augur,
651 3634 678 3692 si
698 3631 767 3707 quis
789 3634 951 3690 humanum
970 3628 1046 3688 nihil

323 3714 459 3789 Quantis
480 3726 599 3783 creatus
625 3736 756 3795 corpore
775 3718 920 3789 humano,
944 3716 1034 3793 sapit.

289 3818 291 3825 ·
321 3798 384 3863 Sed
404 3798 456 3856 ille
477 3807 507 3856 et
527 3802 601 3859 olim
623 3804 762 3879 primitus
782 3804 872 3862 domo
894 3801 1001 3859 exiens
