2884 4650
697 501 847 597 AE-

312 661 401 730 'Eut’
424 663 489 728 ἄντ’
513 665 652 733 όνείδυυς
673 664 704 728 τ’
727 665 837 748 ἀξίωμ’
862 665 1005 736 ἀναξίων.

318 746 385 813 Ούκ
407 746 471 813 ἔστι
490 749 600 835 κέρδος
623 750 733 833 ζημίας
755 750 858 813 ἄλλων
884 748 967 833 ἀτερ.

316 830 451 916 Ἐνδεῖγ’
477 835 588 920 ἀσώτῳ
610 834 724 915 πολλὰ,
745 835 843 897 πάντα
864 834 987 919 κίμβικι.

318 917 416 981 Φύσει
438 919 584 1004 διάδοχος
604 919 709 987 πιστός
731 918 821 997 ἐστιν,
845 917 882 979 ού
905 925 1021 1003 γραφῇ.

318 998 371 1112 Τηῖ
394 1000 473 1086 μέγα
492 1008 654 1088 φρονοῦντι
673 1006 769 1086 λησις,
789 1004 906 1069 αδικιας
929 1025 1011 1072 ακος.

318 1083 429 1150 Οικτυυ
452 1088 570 1173 βοηθοῦ
591 1086 722 1170 δεομένη
747 1087 825 1169 δίκη,
847 1088 937 1170 κακή.

318 1171 449 1239 Φύσεως
469 1172 632 1257 ἀποτρίβον
655 1193 682 1232 τι
701 1172 874 1255 φάρμακον,
896 1170 1000 1235 κακόν.

317 1251 354 1317 Τ’
378 1256 547 1339 ἀλλοτρίων
569 1254 707 1338 σύνηθες,
731 1255 827 1337 ἡδονὴ
850 1256 938 1336 κακή.

316 1336 418 1403 Κακοιὶ
441 1340 547 1423 φύσεις
570 1339 626 1401 οὐκ
649 1340 762 1407 ἐνδεεῖς
785 1339 982 1401 διδασκάλου.

318 1420 384 1487 Ούκ
407 1424 511 1507 δρθδν,
535 1422 552 1485 ό
573 1446 600 1485 τι
621 1425 658 1507 δὴ
678 1425 841 1505 πράττεται
856 1424 953 1485 πίστει
970 1422 1074 1508 τύχης.

317 1504 359 1571 Τδ
384 1508 494 1591 κράτος
513 1506 589 1569 ἰ’διον
611 1507 717 1570 όλλυσ’
740 1508 756 1570 ὁ
777 1508 976 1591 προστάσσων
999 1513 1110 1578 κακῶς.

317 1588 377 1654 Τδν
402 1592 503 1674 ἰατρόν
525 1591 582 1653 οὐκ
602 1590 636 1654 εὖ
661 1592 806 1676 διάδοχον
828 1592 844 1654 ό
864 1596 963 1653 νοσῶν
984 1594 1105 1678 γράφει.

313 1672 352 1739 Ὁ
379 1677 419 1759 μὴ
445 1676 612 1758 δυνάμενος
634 1673 668 1737 εύ
690 1675 807 1753 θανεῖν,
826 1680 929 1743 κακῶς
951 1675 1021 1759 βιοῖ.

314 1757 382 1822 Ἀεὶ
403 1762 524 1845 βιώσειν
548 1761 739 1842 προσδοκῶν,
759 1766 861 1828 κακῶς
875 1759 946 1843 βιοῖ.

315 1840 421 1929 Χείρω
446 1844 536 1926 λόγον
560 1845 743 1930 βλάσφημον
765 1844 914 1929 ἑρμηνεὺς
934 1849 1025 1906 ποιεῖ.

315 1924 439 1993 Κακοθν
462 1928 584 1992 θέλοντι
605 1928 760 2014 πρόφασις
784 1929 840 1991 οὐκ
860 1928 1041 1991 ἐλλείπεται.

316 2012 409 2077 Ποιεῖ
424 2012 578 2098 πονηροὺς
597 2013 677 2098 ἦθος
697 2014 860 2096 ἀχάριστον
884 2012 980 2094 θαμά.

310 2096 403 2162 Ἧθει
424 2103 552 2182 πονηρῷ
572 2097 653 2165 σῖτός
672 2095 735 2158 ἐστ’
761 2097 823 2159 ἰδία
846 2096 944 2181 φύσις.

312 2180 450 2266 Ἀνδρῶν
472 2186 612 2264 γυναῖκες
631 2182 799 2264 κρείττονες
818 2182 918 2265 βουλῇ
930 2186 1020 2264 κακῇ.

315 2263 440 2351 Βουλῆς
462 2270 557 2350 κακῖγς
578 2272 623 2352 τῷ
642 2264 723 2329 δόντι
745 2269 900 2347 πάγκακον
923 2265 1020 2333 τέλος.

309 2349 352 2415 Ἣ
376 2352 416 2435 μὴ
439 2356 589 2436 τραπῆναι
614 2349 767 2434 δυναμένη
792 2350 902 2436 βουλὴ,
920 2351 1010 2434 κακή.

314 2432 454 2499 Ἐσθλῶν
479 2436 641 2519 ὑποκριτὴς
662 2437 677 2498 ό
700 2434 795 2501 κακός
815 2435 878 2496 ἐστι
899 2437 1065 2516 πάγκακος.

316 2518 421 2582 Αθτοιῖ
442 2521 472 2602 γ’
497 2521 581 2583 έκατι
602 2521 745 2604 χρηστὸς,
769 2519 916 2582 αὐδάσθω
942 2519 1042 2584 κακός.

318 2603 425 2688 Φόβου
442 2602 601 2686 παρόντος,
625 2606 717 2672 ύπνος
739 2603 795 2666 ούκ
820 2602 886 2688 ἔχει
905 2605 1009 2666 τόπον.

315 2686 488 2750 Ἀπατῶσιν
510 2687 599 2770 ἧττον
623 2691 653 2750 οἱ
673 2687 795 2774 τάχιστ>
816 2687 1008 2770 ἀρνούμενοι.

318 2771 456 2838 Δυύλους
478 2772 624 2840 δεδοικώς
646 2772 707 2834 ἐστι
730 2776 790 2836 τῶν
815 2772 935 2835 δούλων
957 2772 1050 2834 κάτω.

289 2853 351 2920 ,Ὁ
375 2857 507 2940 χρηστὸς
531 2857 587 2919 οὐκ
606 2855 665 2937 εἴη,
688 2857 807 2939 λέγοιτο
828 2855 859 2919 δ’
883 2855 918 2918 ἀν
943 2856 1059 2923 ἄθλιος.

311 2939 455 3023 Ἀζηλός,
479 2939 557 3001 ἐστιν
579 2941 764 3023 ἀθλιωτάτη,
786 2941 874 3025 τύχη.

317 3027 428 3090 Λαλεῖν
448 3023 580 3086 θέλοντα
603 3024 632 3086 σ’
657 3025 712 3087 οὐκ
738 3025 859 3110 ἐᾷσθαι,
884 3023 1033 3108 σχέτλιον.

317 3107 355 3173 Εἰ
374 3109 425 3172 καὶ
448 3109 541 3192 ἀηδὲς
560 3108 580 3189 ἡ
604 3110 701 3192 τριβὴ,
724 3113 810 3171 ποιεῖ
829 3109 955 3192 σοφούς.

317 3193 383 3278 Πρὸ
403 3198 457 3257 τοῦ
477 3193 584 3255 ποθεῖν
607 3193 657 3255 τὸν
676 3193 819 3270 θάνατον,
842 3193 944 3277 όλβιον
964 3192 1079 3256 θανεῖν.

318 3279 428 3343 Θανεῖν
450 3279 564 3360 ἀνάγκη
585 3281 686 3353 πᾶσιν,
712 3273 778 3340 ὀὐδ’
802 3278 874 3340 όταν
895 3277 1001 3360 θέλης.

317 3360 360 3426 Τὸ
378 3362 481 3424 θανεῖν
504 3361 670 3447 φοβεῖσθαι
690 3363 795 3446 χεῖρόν
819 3361 881 3423 ἐστι
904 3367 959 3425 τοῦ
979 3361 1095 3425 θανεῖν.

317 3443 383 3510 Ούκ
403 3447 497 3530 ἤρεσε
517 3449 659 3509 πολλοῖσι
681 3447 860 3528 πολύγαμος
877 3447 962 3530 γυνή.

316 3528 445 3594 Νοοῦσα
465 3532 615 3614 μουνάξὴ
638 3531 725 3613 γυνὴ,
747 3533 850 3596 κακῶς
873 3537 947 3593 νοεῖ.
1023 3526 1028 3533 ⁸

317 3612 451 3685 Πολλοῖς
472 3616 602 3693 ἀπειλεῖ,
624 3616 703 3684 ὅστις
721 3612 847 3700 ἠδίκησ>
869 3614 933 3677 ἕνα.

313 3698 512 3789 Ὑβρισμένον
533 3702 568 3765 τδ
591 3699 704 3764 ἄκακον
726 3701 868 3764 ἀλλάττει
887 3699 987 3783 φύσιν.
