2884 4650
735 509 886 603 Q

354 680 566 757 Terrigenamr
588 681 739 757 sirempse
750 699 841 754 voco,
854 698 1094 756 aequoreamque
1108 679 1275 755 Paludem,
1341 725 1343 802 4

352 766 392 827 Et
413 765 590 825 vitulantem
609 766 689 825 inter
709 764 815 843 nigros
835 766 986 825 Lemures
1005 764 1186 837 Libitinam,

353 848 438 923 Quae
458 850 528 911 loca
548 858 637 911 vasta
656 851 741 921 colit,
769 870 927 910 cervorum
948 869 1086 927 sanguen
1106 850 1254 923 adulans,

353 935 554 1011 Omnipotens
574 936 692 1013 regina,
713 934 855 1010 Canaria,
876 934 996 994 Noctua
1017 936 1116 1012 virgo,

353 1019 483 1094 Caroea,
505 1020 646 1097 perpetui
666 1021 771 1079 mundi
794 1021 926 1096 Bupetia
947 1027 1064 1092 sancta,

352 1106 438 1179 Dux,
459 1107 535 1180 vira,
556 1106 679 1177 Rumia,
701 1106 785 1165 Diva
802 1124 917 1183 vagans
938 1124 995 1181 per
1016 1124 1147 1181 scrupea
1167 1123 1258 1177 saxa,

353 1191 437 1251 Mitis
460 1192 503 1249 uti
526 1191 641 1251 nostris
663 1192 785 1251 intersit
807 1191 937 1249 candide
959 1190 1052 1263 votis,

353 1275 488 1335 Numina
506 1276 662 1353 praesenti
683 1284 807 1354 gratans
828 1278 911 1335 bona
930 1275 1034 1333 fausta
1054 1274 1198 1335 bubulco.

537 1443 654 1522 orphei
673 1444 921 1524 indigitamenta
941 1445 1086 1507 Deorum.

358 1534 367 1585 1
480 1528 604 1589 Careiae
621 1529 806 1591 Limentinae
828 1532 983 1601 Furculae,
1003 1540 1158 1589 storacem.

353 1614 447 1673 Adsis
471 1634 489 1673 o
510 1614 682 1674 veneranda
703 1617 814 1685 Datim,
833 1617 965 1676 Maiesta
986 1614 1128 1688 Camilla,

353 1699 516 1760 Foetarum
537 1700 668 1772 tutilina,
691 1710 722 1759 et
743 1701 861 1759 Lucina
883 1701 1050 1759 dolentum:

355 1782 481 1861 Sospita
502 1785 644 1843 foeminei
666 1788 745 1859 sexi,
769 1787 909 1847 studiosa
930 1786 1085 1863 propagis,

352 1868 541 1943 Nummeria,
564 1879 653 1944 atque
675 1872 764 1931 novis
782 1873 885 1949 nuptis
904 1871 974 1930 Dea
987 1870 1121 1929 Feronia
1130 1888 1270 1946 praeses.

354 1953 483 2028 Carnea,
505 1955 673 2032 perfacilis,
690 1957 850 2030 Picumna,
877 1958 982 2016 eadem
1002 1956 1135 2013 omnibu’
1158 1955 1252 2015 mitis.

354 2038 439 2113 Quae
463 2048 639 2099 cunctorum
651 2041 773 2102 habitas
785 2043 889 2115 aedes,
903 2040 1071 2117 epulasque
1078 2040 1268 2116 frequentas.

354 2123 465 2185 Ginaia
486 2134 515 2183 et
535 2126 647 2198 invisa,
668 2136 716 2186 ast
735 2128 825 2187 laetis
846 2127 951 2185 eadem
970 2121 1103 2183 omnibu¹
1126 2144 1252 2201 parens.

352 2210 477 2272 Paetum
487 2230 610 2289 aegrum
621 2211 782 2285 miseram,
795 2232 920 2271 numero
932 2207 1100 2287 parentibu’
1117 2212 1268 2288 gaudens:

352 2293 415 2354 Dia
438 2297 586 2388 paranda,
608 2297 697 2357 luens
721 2305 868 2356 uterorum
892 2296 1061 2374 aegerrima
1082 2296 1229 2356 claustra.

308 2411 311 2418 ·
354 2381 399 2440 Te
417 2381 520 2443 foetae
544 2383 685 2455 vocitant,
708 2385 849 2445 solamen
869 2384 956 2442 dulce
974 2382 1131 2440 laborum:

353 2465 434 2527 Nam
458 2476 491 2528 tu
511 2468 747 2544 foetiparentum
770 2477 924 2528 uterorum
946 2469 1078 2526 claustra
1095 2467 1249 2544 resignas.

355 2552 383 2612 Ο
404 2552 541 2612 Partuna
561 2553 674 2626 Diana,
694 2553 837 2626 Palatua,
856 2553 1039 2613 Limentina.

354 2635 467 2696 Suffiee
487 2638 606 2715 prolem
627 2639 750 2713 almam,
772 2639 859 2698 titula
879 2639 1004 2697 adstans
1024 2637 1256 2715 parturientem.

352 2720 393 2779 Et
413 2740 512 2796 serva,
538 2725 671 2782 omnium
694 2725 739 2784 uti
757 2725 834 2784 cluis
857 2743 978 2800 semper
1000 2723 1120 2799 sospita
1140 2723 1229 2782 Iuno.
1340 2794 1341 2817 χ

355 2889 372 2947 2
618 2894 724 2954 Noctis
742 2895 884 2970 suffimen,
909 2904 1008 2955 terrea.

353 2973 431 3032 Tete
449 2973 529 3033 Diva
546 2995 618 3035 voco
637 2979 831 3056 omniparens
847 2978 1018 3052 Divumque
1032 2977 1257 3050 hominumque.

352 3059 538 3135 Principium
553 3069 599 3119 est
610 3060 685 3122 Nox
697 3065 841 3136 omnium,
862 3072 892 3121 et
907 3070 954 3122 est
966 3061 1036 3122 Nox
1046 3061 1159 3122 Murtia
1169 3061 1266 3120 nobis.
1339 3124 1340 3141 χ

352 3144 433 3207 Audi
451 3144 533 3204 Diva
553 3141 677 3222 parens,
706 3150 853 3226 caligans,
879 3149 1053 3208 sideriluca.

354 3231 442 3308 Quae
462 3230 533 3290 loea
550 3232 638 3308 pigra
659 3233 744 3305 eolis,
765 3252 928 3309 somnoque
949 3231 1112 3291 habitanda
1131 3230 1245 3289 silenti.

351 3315 498 3389 Iucunda,
520 3322 549 3374 et
566 3335 695 3392 pernox,
719 3319 923 3395 epulonaque,
945 3319 1065 3379 somnia
1084 3317 1216 3393 gignens

353 3399 507 3479 Gurifuga,
531 3409 622 3478 etque
643 3403 777 3478 optanda
795 3405 882 3477 quies
905 3403 1114 3481 placidissima
1133 3420 1244 3460 rerum.

353 3483 531 3560 Somnium,
552 3487 687 3548 omnium
710 3489 818 3562 amica,
837 3497 868 3546 et
884 3489 1010 3566 equiria,
1030 3487 1264 3562 nocticrepusea

352 3569 544 3645 Imperleeta,
569 3574 674 3634 eadem
696 3573 861 3646 terrestris,
883 3574 996 3632 coelica
1016 3590 1137 3638 rursus:

292 3661 294 3667 '
352 3653 496 3730 Vortens,
516 3657 694 3718 omnimodis
714 3659 784 3719 Dea
804 3657 994 3718 Mostellaria
1013 3658 1122 3718 ludens

353 3738 441 3816 Quae
461 3741 560 3802 lucem
582 3744 668 3822 legas
692 3746 747 3804 sub
772 3743 912 3818 Tartara,
930 3763 1036 3805 rursus
1059 3742 1098 3800 ad
1120 3740 1234 3800 Orcum

211 4002 784 4404 sla
