2884 4650
632 543 693 603 241

587 630 738 647 -v-—-

206 704 307 774 Μόλις
328 706 465 791 τυράννῳ
486 710 598 790 προῖκα
621 707 795 793 βασιλεύειν
816 707 915 790 θέμις.

206 787 327 874 Κόρδος
353 789 490 875 βρότειον
511 791 679 877 τῆντόχην
700 795 786 855 ποιεῖ
799 792 889 855 θεόν.
931 828 935 836 ·

206 872 312 958 Σοφός
332 879 498 958 φρενοιῖται
519 880 598 938 τοῖσι
617 882 676 939 τῶν
698 873 801 944 πέλοιτ’
817 880 932 946 κακοῖς.

206 954 251 1023 Τό
275 963 335 1020 τῶν
355 959 386 1021 ἐν
411 960 483 1044 όιβει
502 960 608 1043 πτῶρ)
631 959 905 1045 ἐπισφαλέστατον.

205 1040 354 1126 Ἑχείρετ’
377 1040 458 1129 ἔργῳ
479 1044 514 1106 τὸ
537 1046 642 1122 κακδν,
666 1043 743 1108 ἀλλ’
767 1044 823 1107 οόκ
843 1043 981 1131 ἄρχεται.

205 1123 383 1209 Ὀλιγοστόν
405 1128 468 1190 ἐστι
488 1127 589 1205 τοῦθ’,
614 1130 690 1213 όπερ
713 1132 814 1208 ζῶμεν
834 1130 912 1213 βίου.

206 1209 330 1296 Πάτρας
352 1212 516 1297 στερίσκων
541 1214 632 1277 αότδν
660 1215 725 1277 ἐστ’
751 1213 853 1298 ὀρθῶς
873 1216 982 1319 φυγάς.

203 1291 315 1357 Ῥέποι
332 1296 361 1378 γ’
386 1294 421 1359 ἄν
445 1298 488 1365 είς
508 1297 541 1359 τὸ
565 1300 668 1382 μωρδν
693 1298 809 1381 εόῆθῆς
830 1321 952 1382 τροπος.

202 1375 299 1463 Ῥᾷόν
325 1402 382 1464 περ
404 1380 489 1451 αόίει
510 1378 535 1442 τ’
562 1381 675 1465 ἀξίωμ’
701 1408 720 1467 ῆ
741 1382 878 1465 ἄρχεται.

206 1461 300 1526 Ποιεῖ
318 1470 454 1548 προσηνῆ
475 1466 526 1529 καὶ
548 1466 599 1529 τὸν
622 1466 777 1549 ἄγνωστον
797 1464 885 1550 τόχῆ.

207 1545 395 1631 Τοόγκλημοι
414 1555 530 1633 χεῖρον,
548 1551 654 1633 πρᾶξιν
677 1553 713 1635 ῆν
736 1554 831 1633 σιγᾷς,
851 1555 958 1621 ποιεῖς.
1070 1575 1072 1580 ·

206 1631 331 1700 Ψεῦδος
350 1631 514 1718 κακόφρων
540 1636 670 1720 διαβολὴ
691 1637 808 1721 ψευδὴς
830 1632 899 1719 ἔφυ.

206 1714 366 1801 Σόρφησιν
392 1717 518 1798 ἀδικεῖν,
565 1722 713 1802 υχοόικῶν
735 1720 817 1786 όστις
837 1724 932 1804 κυρεῖ.

200 1798 319 1886 Ὄλβου
342 1804 477 1865 παλαιοῦ
495 1743 632 1885 θρέμμα,
654 1804 805 1867 πλουσίου
825 1798 929 1887 χόλθς.
995 1816 1000 1829 “

208 1883 374 1949 Θάλλουσα
394 1886 485 1949 κακία
505 1887 676 2033 ὀυστόχημ’
699 1888 820 1951 ἐσθλῶν
842 1885 913 1972 ἔφυ.

206 1966 254 2033 Τὰ
273 1970 357 2054 ῥᾷστ’
382 1968 418 2033 ἄν
439 1970 540 2039 οίσοις
557 1994 597 2033 κα
630 1972 668 2034 τὰ
692 1973 827 2057 δυσχερῆ
852 1970 965 2054 φέρων.
1074 1979 1088 1989 “

206 2053 319 2138 Φέρειν
343 2054 464 2139 ἄφυκτα
483 2058 543 2119 τῶν
565 2062 679 2132 κακῶν,
705 2058 746 2139 μῆ
770 2056 932 2139 λοιδορεῖν.

206 2138 319 2222 Φέρων
341 2140 374 2202 τό
399 2141 531 2223 βλάπτον
555 2141 606 2203 καὶ
627 2143 660 2204 τό
681 2141 840 2224 σύμφορον
862 2138 977 2224 φέροις.

205 2219 253 2285 Τὰ
274 2223 394 2286 πλαστὰ
413 2225 489 2307 πρὸς
509 2226 560 2287 τὸν
582 2222 658 2288 ίδιον
680 2224 715 2288 ἄν
740 2225 852 2310 δράμοι
873 2224 998 2306 τρόπον.

237 2308 244 2332 λ

205 2303 270 2456 Τρν
290 2308 386 2370 πίστιν
410 2307 466 2372 οόκ
488 2307 608 2373 ὀλέσειε
626 2310 704 2394 πλὴν
729 2312 744 2374 ό
770 2309 811 2393 μῆ
836 2306 928 2394 ἔχων.

206 2390 231 2457 Τ
252 2419 277 2478 ῳ
299 2391 440 2469 πέποιθε,
461 2394 558 2456 πίστιν
580 2395 660 2464 ὅστις
681 2396 817 2471 ῶλεσεν;

206 2475 270 2560 Τῆν
291 2477 387 2540 πίστιν
408 2469 520 2546 ὀλέσας
538 2480 568 2542 τί
590 2479 726 2542 ὀλέσειεν
750 2478 786 2543 ἄν
809 2477 935 2561 πρόσω;

198 2557 295 2628 Ὅθεν
315 2560 390 2646 ἦλθ’
415 2561 564 2647 ὀρόφρων
589 2564 695 2637 πίστις,
718 2564 774 2627 οόκ
794 2562 966 2647 ἀνέρχεται.

199 2647 328 2732 ιΩραῖον
353 2646 435 2714 εἶδός
457 2647 520 2709 ἐστι
542 2647 657 2717 ἄλαλος
682 2648 834 2715 σόστασις.

205 2730 293 2817 Τόχη
316 2732 461 2817 βροτείων
483 2735 576 2816 κῦρος
592 2733 647 2795 οὐκ
669 2731 736 2838 ἔχει
757 2732 903 2818 τρόπων.-

199 2814 317 2903 Ὄλβος
341 2815 435 2898 μέγας
457 2816 615 2900 ὀοόλευμα
636 2840 733 2901 κυριῳ
754 2817 842 2901 μέγα.

206 2899 318 2967 Οίιδενλ
339 2899 416 2984 τόχη
440 2900 562 2963 δόναιτο
585 2907 637 2984 τῆς
660 2903 774 2986 βουλῆς
794 2900 898 2965 πλέον.

203 2985 297 3049 Ποιεῖ
314 2983 492 3067 παραπλῆγ’
516 2986 535 3066 ῆ
560 2985 637 3071 τόχη
662 2987 816 3050 θάλπουσ’
837 2984 923 3068 ἄγαν.

196 3066 300 3140 “Anae
324 3069 489 3155 ἐνοχλοῦσ’
512 3069 549 3132 οό
569 3094 625 3134 τινι
648 3071 765 3156 στέργει
785 3071 873 3155 τόχη.

206 3154 318 3238 Θέλχει
336 3152 413 3237 τόχη
425 3154 573 3216 .σαίνουσ’
598 3155 669 3219 όταν
691 3157 833 3240 θῆρῆτιᾷ.

149 3289 151 3295 ,
202 3236 302 3322 Χάρις
321 3240 454 3300 πολιτῶν
474 3239 550 3323 πρὸς
571 3239 679 3323 τάτῆς
699 3240 794 3346 τόχῆς
816 3238 912 3325 ῥέπει.

203 3319 378 3409 Στίλβουσα
401 3321 553 3404 θραυστόν
579 3324 656 3386 ἐστιν
682 3329 725 3392 ῶς
748 3328 839 3392 υελος
859 3324 947 3408 τόχῆ.

205 3405 292 3493 Τόχη
318 3408 425 3470 δίδωσι
444 3411 564 3492 χρῆσιν,
588 3409 623 3471 οό
647 3410 750 3492 κτῆσίν
773 3430 861 3476 τινος.

202 3574 310 3662 ,Τόχης
335 3575 487 3663 λαβέσθαι
510 3577 626 3660 μᾶλλόν
649 3579 739 3654 ἐστιν,
762 3579 781 3660 ἢ
803 3578 934 3658 κρατεῖν.

203 3659 388 3744 Νόσφισρός
407 3661 535 3738 ἐστιν,ὀ
561 3662 618 3726 οόκ
640 3661 675 3726 ἄν
697 3661 856 3741 ἄποδοίης,
870 3659 986 3742 λαβεῖν.

206 3743 340 3830 Παόρων
362 3746 488 3810 κολυόει
510 3749 599 3830 μῖσος
619 3747 647 3829 ἡ
665 3744 762 3826 πυκνῆ
783 3743 862 3828 δίκη.

874 3857 912 3919 16
