2884 4650
716 524 867 619 ..EQ

377 695 451 755 Non
476 696 578 769 alium,
598 715 686 771 quam
708 714 768 769 me,
785 697 883 755 docta
902 694 1005 766 ferire,
1025 714 1141 771 precor.

335 780 391 845 Sin
410 782 535 855 morior,
557 789 650 841 testes
672 800 710 839 en
730 782 807 840 istas
828 782 932 856 linquo
954 780 1092 845 lituram,

379 868 531 943 Quantum
552 866 701 925 homicida
722 874 836 944 potest,
860 865 972 942 aspicis
995 865 1120 942 hospes,
1145 869 1251 926 A'mor.

337 1037 432 1113 ζ(28)
592 1028 630 1093 Εἰ
654 1030 780 1115 φιλέεις,
801 1031 841 1113 μὴ
865 1033 1004 1112 πάμπαν.

336 1122 483 1199 Quisquis
506 1139 601 1191 amas,
623 1138 696 1179 carc
718 1120 761 1179 sis
784 1119 901 1179 deiecto
922 1130 1042 1196 pectore
1061 1120 1188 1193 fractus,

379 1205 573 1284 Supplicibus
595 1206 698 1264 solvas
720 1205 831 1263 flebilis
855 1224 910 1263 ora
930 1204 1036 1262 modis.

335 1292 490 1369 Propositi
511 1290 602 1350 soiidi
623 1290 678 1348 tibi
697 1309 768 1348 cura
790 1292 840 1362 sit,
860 1299 891 1347 et
908 1290 963 1347 tibi
985 1299 1126 1349 constent

331 1447 333 1451 Ι
377 1376 509 1434 Lumina
535 1382 689 1433 contracto
713 1394 804 1450 parca
829 1374 999 1451 supercilio.
1058 1399 1065 1411 ·

336 1461 417 1521 Nam
441 1461 530 1517 nimis
553 1460 647 1518 elatos
670 1460 835 1518 contemnit
856 1460 989 1517 foemina
1010 1459 1118 1531 fastus,

378 1548 418 1604 Et
439 1545 529 1603 nimis
551 1545 698 1603 abiectum
720 1545 800 1602 ridet
819 1546 917 1602 amica
938 1545 1044 1603 virum.

336 1632 393 1689 Ille
417 1630 531 1707 peritus
552 1630 617 1701 erit,
640 1630 808 1706 quicunque
829 1631 904 1689 haec
925 1631 1042 1701 miscet,
1062 1637 1194 1688 amator:

377 1716 418 1775 Et
437 1715 556 1774 modico
579 1715 610 1771 in
632 1716 713 1773 fastu
740 1722 863 1789 pectora
883 1715 980 1772 fracta
1000 1714 1086 1792 gerit.

338 1884 431 1962 (aa)
530 1878 670 1963 Xpdceoc
691 1878 861 1964 ἀψαύστοιο
885 1878 1055 1961 διέτμαγεν.

336 1974 456 2030 Aureus
479 1969 584 2027 intacti
605 1969 764 2027 temeravit
785 1968 887 2025 vincla
903 1967 1024 2043 pudoris

378 2054 504 2132 Iupiter,
526 2063 559 2112 ut
580 2053 703 2116 Danaes
726 2072 816 2111 aerea
839 2061 920 2111 tecta
941 2053 1032 2111 subit.

336 2141 453 2201 Fabula
473 2140 518 2199 sic
536 2140 676 2215 loquitur,
701 2158 750 2196 me
769 2138 877 2195 iudice.
897 2138 1011 2196 Ferrea
1034 2145 1121 2211 septa

379 2226 583 2301 Omnipotens
603 2240 719 2296 aurum,
739 2224 872 2298 duraque
895 2223 997 2281 vincla
1018 2222 1131 2280 domat.

337 2309 403 2370 Hoc
425 2312 484 2370 hcc
504 2331 614 2388 nempe
636 2330 732 2383 seras,
756 2310 811 2367 hoc
832 2328 928 2366 aenea
948 2308 1080 2368 claustra
1100 2307 1248 2386 resignat,

378 2396 448 2456 Hoc
468 2397 580 2474 frangit
602 2397 711 2469 fastus,
734 2395 809 2452 dura
830 2394 944 2471 puella,
968 2401 1044 2452 tuos.

337 2480 404 2539 Hoc
422 2483 550 2559 rigidam
572 2481 700 2541 Danaen
724 2481 859 2538 lentavit.
880 2481 906 2538 si
929 2479 995 2554 quis
1015 2483 1144 2537 Amator

378 2566 450 2624 Fert
471 2569 612 2644 pretium,
632 2568 687 2625 tibi
709 2586 747 2624 ne
770 2560 929 2642 supplicet,
951 2564 1032 2622 aima
1053 2563 1170 2622 Venus.

339 2733 435 2810 (0⁴10)
586 2731 645 2797 Τὸν
671 2733 804 2816 σοβαρὸν
826 2729 1010 2813 Πολέμωνα.

336 2817 423 2892 Quod
445 2818 574 2884 Polemo
596 2821 649 2879 ille
661 2821 745 2893 facit,
767 2820 913 2897 Glyceres
932 2819 984 2895 qui
997 2818 1134 2896 coniugis
1149 2819 1249 2877 aufert

379 2904 416 2962 In
440 2921 532 2962 scena
553 2905 662 2978 crines,
684 2906 773 2964 docte
794 2905 970 2977 Menandre,
992 2912 1060 2962 tua:

338 2989 408 3050 Hoc
430 3007 524 3047 novus
546 2989 676 3048 instituit
695 2990 821 3049 Polemo
844 3009 940 3050 mens.
962 2990 1014 3048 iile
1028 2989 1228 3049 Rhodanthes

380 3074 498 3135 Audaci
521 3073 616 3132 cultas
639 3075 765 3134 abstulit
784 3095 883 3152 ungue
905 3094 1019 3134 comas.

337 3160 521 3221 Criminibus
545 3159 668 3236 tragicis
690 3161 817 3218 mutavit
836 3162 953 3220 comica
973 3162 1063 3231 iacta,

381 3245 497 3305 inflixit
518 3252 639 3302 tenerae
663 3246 791 3302 verbera
811 3264 903 3304 saeva
925 3247 994 3304 cuti.

338 3333 387 3391 Ah
409 3332 509 3396 scelus
531 3330 701 3408 indignumi
725 3338 846 3389 nostros
869 3332 1013 3390 miserata
1033 3329 1154 3389 dolores

380 3417 468 3492 Quod
489 3426 604 3475 tantum
626 3414 748 3474 admisit
764 3422 850 3492 turpe
870 3416 974 3492 puelia
990 3415 1099 3474 nefas?

338 3500 418 3558 Proh
440 3503 537 3562 dolori
562 3501 802 3578 exsculpensque
825 3501 928 3560 oculos
948 3501 1091 3559 radicitus
1115 3500 1206 3559 ambo

381 3585 518 3645 Invidiae
536 3589 682 3648 informes
704 3585 790 3643 duxit
807 3586 839 3642 in
859 3605 912 3644 ore
935 3594 1033 3646 notas.

339 3667 373 3730 Si
394 3677 495 3728 tamen
514 3673 540 3730 is
563 3675 655 3733 inerit
674 3672 881 3732 Misumenos:
904 3680 953 3730 ast
973 3691 1028 3750 ogo
1048 3676 1153 3727 contra

379 3755 548 3832 Dyscolos,
570 3760 721 3835 aspiciens
745 3775 801 3816 nec
821 3756 1078 3817 Periciromenen.
