2884 4650
680 502 829 597 *118*

345 669 474 752 ἄγγελος
500 668 535 730 ἐκ
556 666 696 750 Σαρδοῦς
717 666 823 731 οἴκαδε
843 666 1035 750 νισσομένου.

307 841 412 914 ίί,69.
437 836 599 899 Αδσονίοιο
623 836 755 919 θεάτρου
778 835 822 897 ἐνὶ
841 835 1014 919 θρεφθεῖσα
1038 836 1179 919 κυνηγοῖς

345 922 434 1005 ἀγρίη
460 920 491 982 ἐν
511 919 664 1005 δρυόχοις,
686 922 760 1005 ήπίη
787 921 818 983 ἐν
839 921 984 1004 μεγάροις

303 1007 399 1089 Λυδίη
424 1005 557 1087 ἐκλήθην
580 1005 701 1090 Δέξτριρ
722 1012 767 1091 τῷ
787 1006 909 1088 κτήτορι
927 1005 1027 1085 πιστὴ,

347 1091 428 1158 όστις
446 1088 482 1152 ἂν
506 1090 542 1153 οὐ
565 1092 624 1172 πρδ
647 1088 730 1173 ἐμεῖ’
754 1090 819 1152 εἷλε
839 1091 889 1152 τὸν
906 1086 1078 1172 Ἠριγόνης,

303 1175 373 1239 οὐδ’
397 1175 431 1242 ὃς
452 1174 513 1236 άπδ
537 1178 657 1256 σκιερῆς
680 1174 789 1258 Δίκτης
813 1174 862 1235 ἐπὶ
884 1172 1053 1257 φωσφόρον
1074 1170 1140 1235 Ἠιδ

347 1258 517 1340 ἑσπόμενος
538 1254 677 1343 Κεφάλῳ
699 1258 830 1342 οὐρανόν
855 1256 1009 1343 εἰσανέβη.

305 1344 342 1407 οδ
366 1342 482 1427 μακρός
509 1364 546 1425 με
570 1343 645 1425 βίος,
667 1343 718 1406 καὶ
738 1344 867 1429 άχρήϊος
886 1340 1012 1427 ἔσβεσεν
1035 1342 1122 1417 αἰὼν,

349 1428 413 1495 οἶος
436 1429 452 1491 ό
475 1426 593 1509 πότμος
614 1426 672 1511 ἔφυ
697 1427 875 1513 Δουλιχίοιο
896 1424 995 1494 κυνός.

307 1511 448 1597 ἀφριόων
471 1513 596 1595 χλοῦνις
617 1534 708 1595 κρυερ
723 1518 738 1529 ”
760 1513 792 1596 μ’
815 1512 988 1595 ἐδάμασσεν
1013 1508 1114 1573 ὀδόντι

347 1602 392 1680 τῷ
411 1591 637 1680 Ἐρυμανθείιρ,
657 1602 701 1679 τῷ
737 1594 912 1663 ἀλυδῶνυς
932 1593 1006 1662 ἴσος.

305 1680 378 1745 οὐδ’
398 1680 558 1773 ἀκάχημαι
579 1681 660 1742 ἰοῦσ’
686 1681 744 1744 ὑπὸ
767 1681 820 1765 τήν
842 1680 943 1762 Στόγα
965 1678 1073 1763 καίπερ
1097 1676 1184 1760 ἀωρί.

349 1765 385 1828 οὐ
406 1764 463 1848 γὰρ
486 1764 619 1826 καλλίων
641 1763 679 1847 ήν
699 1763 793 1850 μόρος
814 1766 925 1832 εὐκτὸς
941 1764 1019 1847 ἐμοί.

310 1937 357 2009 13,
367 1937 418 1996 52.
433 1937 547 2015 νῆσσαν
556 1933 873 2017 όληνπαράθες,τόνδ’
884 1929 1216 2017 αὐχένανόστιμοςέστὶ

433 2019 485 2081 καὶ
508 2018 545 2081 τὰ
569 2017 686 2100 στέρνα.
708 2016 746 2081 τά
766 2018 792 2081 δ’
809 2017 847 2081 αὖ
870 2017 963 2080 λοιπὰ
982 2019 1126 2101 μάγειρος
1137 2012 1216 2099 ἔχοι.

310 2107 357 2179 14,
368 2104 451 2184 m,
472 2102 638 2186 Φιλομήλα
660 2102 732 2185 άγος
753 2100 875 2186 Τηρήος
896 2101 1048 2185 ὀδύρεται,
1070 2102 1090 2185 ή
1113 2123 1146 2163 τε

435 2185 566 2270 πρόσθεν
588 2186 671 2249 ἐοῦά
700 2187 809 2263 άνειυς,
835 2186 939 2270 όρνεον
964 2187 1026 2249 ἐστὶ
1049 2188 1153 2249 λάλον.

311 2276 419 2349 14,73.
434 2272 575 2356 φίττακος
589 2270 708 2356 οὔνομα
717 2277 777 2335 τῶν
789 2271 891 2336 ἄλλων
905 2272 1062 2357 παρὰσεῖυ
1078 2270 1216 2355 μάθοιμι.

436 2356 609 2440 αὐτόματος
630 2354 752 2440 Καῖσαρ
775 2360 866 2444 χαῖρε
888 2354 986 2438 λέγειν
1012 2358 1116 2439 ἐδάην.

311 2446 419 2518 13,74.
435 2441 515 2525 όρνις
537 2439 638 2504 ἔσωσε
659 2445 737 2504 νεὼν
760 2441 915 2525 Ταρπήιον
938 2443 1005 2525 ἥδε.
1028 2443 1058 2504 τί
1077 2445 1198 2524 θαῦμα;

435 2526 548 2608 οὐγὰρ
572 2525 744 2610 ἐγηγερκόυς
768 2527 805 2611 ἦν
830 2525 909 2595 Θεὸς
932 2526 1023 2590 αότδν
1047 2523 1100 2589 ἔτι.

312 2615 360 2687 13,
371 2616 421 2674 58.
435 2613 539 2695 χηνδς,
551 2610 619 2693 όρα,
633 2613 768 2695 μεγάλου
781 2617 847 2678 πῶς
860 2617 962 2695 μεῖζον
977 2612 1111 2694 ἀείρεται
1123 2610 1217 2694 ἧπαρ.

435 2696 603 2777 θαυμάζων
629 2698 827 2781 φήσεις,ποῦ
848 2695 911 2760 τόδ’
936 2695 1136 2779 ἐπηυξάνετος

313 2784 421 2856 13,61.
437 2780 467 2841 ἐν
492 2780 653 2862 όρνιθείοις
678 2782 886 2864 νοστιμωτάτη
910 2784 1018 2864 χυλοῖς

436 2871 495 2926 τῶν
521 2865 696 2948 άτταγήνων
719 2864 782 2928 ἔστ’
800 2865 944 2929 Ἰωνικῶν
967 2870 1078 2945 γεῦσις.

314 2953 361 3024 13,
372 2953 422 3011 45.
439 2951 466 3010 εἰ
485 2948 573 3031 γαίης
589 2950 704 3034 Λιβύης
724 2953 775 3012 καὶ
798 2951 934 3018 Φάσιδος
958 2947 1081 3033 ε’ίχομεν
1111 2949 1219 3034 όρνεις,

438 3031 567 3118 ἐλλαβες
591 3032 637 3097 ἄν.
661 3040 712 3096 νῦν
736 3034 762 3096 δ’
783 3033 822 3096 αὖ
849 3034 917 3104 δέξο
941 3035 1135 3102 κατοικιδίας.

314 3123 361 3193 13,
372 3121 421 3180 62.
437 3117 512 3201 οίκιρ
535 3117 565 3179 ἐν
590 3119 728 3204 όρφναίιρ
749 3120 889 3190 σιτίζεται
911 3117 990 3202 όρνις
1013 3119 1135 3204 ἀλεόριρ

436 3202 514 3286 ἡδέϊ.
538 3203 672 3286 λυνείης
695 3203 746 3272 όξδ
772 3203 909 3288 σόφισμα
931 3203 1027 3265 πέλει.

314 3291 362 3363 13,
372 3291 422 3350 49.
438 3288 610 3374 βοσκομενη
635 3289 782 3370 γλυκερόν
807 3293 897 3351 σῦκον
920 3288 971 3350 καὶ
994 3288 1221 3372 βότρυαςήδεῖς

437 3372 515 3435 τίπτ’
536 3371 625 3455 ὄνομ’
640 3371 676 3434 οὐ
701 3375 817 3455 μᾶλλον
841 3374 937 3435 δῶκεν
960 3374 976 3434 ό
999 3371 1108 3458 βότρυς
1131 3373 1203 3456 ἐμοί
1210 3395 1220 3448 3

315 3460 362 3532 1³,
373 3462 423 3521 64.
436 3458 567 3540 τηϋσίως
586 3456 687 3540 άγόνῳ
706 3456 901 3521 ὑποπέπτωκ’
924 3456 1004 3540 όρνις
1025 3456 1142 3541 ἀκοίτη.

313 3547 315 3552 ’
437 3547 527 3605 τοῦτο
550 3542 626 3610 θεᾶς
647 3539 790 3626 Κυβέλης
813 3542 830 3605 ό
850 3564 918 3604 νεον
942 3541 1019 3604 εἶναι
1040 3540 1113 3604 ἔδει.

314 3629 363 3699 13,
373 3629 423 3688 63.
438 3627 597 3711 ἀβληχρὰς
618 3626 760 3710 ἐπίορκος
787 3566 860 3696 όδόέ
887 3628 919 3709 μ“
950 3629 1063 3711 βλάπτε
1085 3627 1221 3708 πελειάς,

441 3710 524 3795 εἴπερ
547 3711 724 3778 ἐποπτεύεις
744 3711 794 3795 ἱρὰ
813 3712 888 3780 θεᾶς
908 3651 1042 3795 ἐόνιδίης.
