2884 4650
447 569 459 603 ·
717 538 868 634 ,κν-ε..

338 706 492 788 Θᾶττονῆ
516 702 594 786 παρ’
621 701 814 789 Ἡρακλείτῳ
838 703 970 786 περίνεω
992 701 1081 770 τόκος
1102 699 1217 785 τρέχει.

338 789 516 874 Καὶκρόκη
538 787 618 851 λέων
638 790 740 858 δεθείς
765 789 829 853 ἄνω
852 789 934 850 κάτω
958 786 1163 871 περισύρεται.

325 874 460 960 ’Κέρδος
482 872 630 957 αἰσχύνης
649 872 785 957 ἄμεινον.
808 873 885 936 έλκε
900 873 1008 957 μοιχὸν
1032 870 1063 939 ἐς
1089 868 1198 955 μυχόν.

279 978 281 981 ·
338 958 429 1043 Μήγε
452 962 555 1042 μεῖζον
578 957 761 1042 προσκέοιτο
784 957 978 1040 τούπίσαγμα
1000 956 1137 1040 θυλάκῳ.

339 1042 393 1129 Μὴ
419 1043 446 1105 δ’
471 1041 579 1125 ἀμύλη
599 1044 659 1109 τῶς
677 1044 783 1110 καλῶς
801 1042 931 1120 ἄκανθα,
953 1040 1026 1123 μηδ’
1044 1039 1082 1102 αὖ
1103 1039 1253 1124 πλαδδίη.

339 1129 392 1214 Μή
416 1125 447 1189 ε’
471 1127 582 1188 ἐλαιῶν
607 1126 692 1195 ἐκτὸς
711 1128 884 1210 ἁρπάσαςό
907 1126 1006 1208 θυμός
1025 1124 1153 1208 ἐκφέρη.

339 1213 393 1297 Μή
415 1210 481 1274 ποτ’
504 1209 539 1273 εὖ
560 1210 659 1294 ἕρδειν
680 1210 819 1295 γέροντα,
844 1210 923 1294 μηδὲ
945 1211 1079 1292 γείτονος
1101 1209 1188 1271 κύνα.

340 1298 428 1380 Μήτε
446 1296 555 1374 παῖδα,
578 1296 618 1378 μὴ
643 1300 782 1375 γυναῖκα,
805 1296 845 1379 μη
871 1297 965 1358 λάλον
983 1295 1178 1376 κωπηλάτην.

340 1381 429 1466 Μήτε
448 1380 557 1442 Λυδῶν
583 1380 718 1462 καρύκας
736 1403 782 1462 γε,
806 1381 882 1463 μήτε
902 1379 1053 1462 μαστίγων
1081 1375 1212 1462 ψόφους.

342 1465 502 1547 Μουσικὴν
516 1461 604 1547 -ἔρως
624 1465 771 1541 διδάσκει,
795 1461 849 1547 κᾷν
874 1464 1011 1547 ἄμουσος
1030 1459 1052 1546 η’
1072 1463 1105 1525 τδ
1126 1463 1206 1547 πρίν.

340 1549 433 1634 Νῦιφε
455 1549 507 1610 καὶ
518 1629 520 1633 .
530 1546 664 1632 μέμνασ’
677 1550 825 1626 ἀπιστεῖν,
841 1554 937 1612 ταῦτα
951 1553 1045 1632 νεῦρα
1057 1551 1109 1609 τᾶν
1126 1551 1253 1631 φρενῶν.

340 1633 435 1698 Νυκτὶ
453 1633 570 1716 φωνὰν,
592 1633 673 1695 νυκτὶ
697 1633 823 1717 βουλὰν,
846 1633 928 1695 νυκτὶ
949 1632 1001 1695 τὰν
1025 1632 1108 1694 νίκαν
1132 1631 1231 1694 δίδου.

337 1715 376 1783 ‘O
398 1717 514 1802 φθόνος
535 1715 651 1785 δίκαιός
671 1717 744 1794 ἐστι,
762 1719 812 1780 τὸν
835 1717 1009 1801 φθονοῦντα
1028 1715 1085 1799 γὰρ
1106 1716 1220 1778 δάκνει.

342 1803 422 1869 Οἶδα
440 1803 589 1870 πολλάκις
612 1802 749 1870 κολάσας
767 1801 919 1886 χᾴτέρους
941 1805 996 1864 σοῦ
1020 1801 1169 1883 μείζονας.

342 1885 412 1953 Οἷσι
433 1887 538 1948 πιστδν
560 1888 676 1969 μᾶλλον
700 1887 802 1966 οὐδὲν,
823 1887 842 1969 ἢ
865 1886 948 1970 λύκῳ
972 1884 1126 1970 κεχηνότι.

332 1969 440 2040 Ὅστις
459 1969 548 2053 ἔργον
573 1971 662 2033 ούδέν
685 1971 780 2056 εἶχεν,
800 1969 952 2054 Ἀρμένην
977 1970 1134 2054 ἐτείχισεν.

342 2055 388 2123 Οῦ
412 2055 447 2140 μ’
459 2056 552 2140 ἐχρῆν
567 2056 659 2138 σορδν
673 2056 833 2139 πρίασθαι,
850 2056 931 2118 τοῦτ’
946 2053 1052 2138 όφλων
1066 2053 1255 2137 ἀπέρχομαι.

342 2141 424 2208 Ούτε
446 2139 498 2202 σύν
518 2139 776 2223 πανωλέθροισιν,
799 2139 867 2203 οὔτ’
892 2139 965 2202 ἄνευ
988 2137 1211 2221 πανωλέθρων.

343 2224 389 2292 Οό
405 2223 633 2310 ,φιλάνθρωπός
651 2247 695 2292 τις
717 2224 753 2286 εἶ.
778 2222 860 2309 έχεις
881 2225 982 2303 νόσον,
1002 2223 1120 2309 χαίρεις
1139 2222 1254 2291 διδούς.

343 2309 423 2377 Οὐδ’
448 2309 521 2374 άνευ
544 2309 627 2372 ἁλῶν
652 2309 810 2393 μεδίμνου,
835 2309 902 2373 οὐδ’
922 2308 993 2373 ἄνευ
1017 2307 1132 2393 χρόνου
1155 2307 1254 2393 φίλος.

343 2393 410 2460 ούιι
432 2396 493 2477 ἐγώ
519 2395 618 2478 μούνα
642 2395 797 2479 κοθουρὶς,
821 2394 932 2457 ἐντὶικ’
957 2394 1049 2458 ἄλλαι
1075 2394 1245 2461 ἀλώπεκες.

332 2478 377 2545 Ὃ
401 2481 462 2563 ἐγὼ
484 2479 681 2559 σ’[ἐ]δι’δαξα
702 2478 819 2541 πέττειν
844 2478 960 2562 τέτταρ’
985 2480 1028 2547 είς
1046 2478 1099 2561 τὴν
1123 2478 1255 2562 χοίνικα.

344 2562 414 2649 Οόχ
430 2563 484 2627 ὑπ’
509 2564 624 2641 ἄλλων,
646 2564 726 2627 ἀλλὰ
747 2569 810 2633 τοῖς
827 2569 939 2627 σαυτοῦ
959 2568 1082 2647 πτεροῖς
1103 2562 1255 2626 ἁλίσκεαι.

343 2648 436 2712 Πάντ’
459 2647 515 2711 ἀπ’
535 2649 732 2733 άκροφυσίων
755 2672 787 2711 τε
810 2649 888 2732 κηἰπδ
910 2648 1169 2735 κινναβευμάτων.

343 2732 498 2800 Πολλάκις
507 2756 554 2795 τοι
566 2733 662 2797 πόλλ’
678 2735 732 2796 ἀπ’
751 2735 872 2819 ἐχθρῶν
887 2734 1091 2816 μανθάνουσιν
1109 2733 1138 2793 οἱ
1149 2732 1256 2816 σοφοὶ.

340 2813 1254 2902 Πρδςστάθμηπέτροντίθεσθαι,μήτιπρδςπέτριρστάθμην.

344 2900 499 2985 Πυῤῥίχαν
524 2900 574 2985 ἄρ’
602 2904 623 2964 ά
644 2905 783 2987 κάμηλος
806 2902 905 2987 ἔμαθε
928 2902 980 2965 τὰν
1002 2900 1159 2985 Κινησίου.

345 2982 394 3070 Τῇ
416 2985 543 3067 ἀγρυξίᾳ
565 2984 705 3048 δέδενται
725 2987 834 3071 ἄνδρες
856 2989 885 3051 οἱ
908 2990 1079 3072 νικώμενοι.

344 3068 394 3155 Τῇ
416 3069 513 3176 πέτρη
527 3070 580 3136 δδς
592 3071 627 3133 τό
645 3070 755 3140 σκέλος
768 3074 832 3149 σόν,
848 3074 899 3135 καὶ
912 3077 1077 3135 πεσοῦνται
1094 3069 1124 3133 τ’
1143 3071 1256 3156 ῶρνεα.

346 3153 433 3225 Τοδς-
444 3176 590 3237 γεροντας
605 3159 678 3223 παῖς
695 3158 857 3234 διδάσκεις,
871 3158 922 3219 καὶ
937 3156 996 3240 πρδ
1019 3160 1072 3239 τῆς
1089 3156 1257 3239 γενειάδος.

346 3238 445 3305 Τοῦτο
472 3240 509 3323 δἠ
530 3241 564 3302 τό
590 3241 676 3322 σιμδν
701 3240 867 3326 ἐξάμπρευ’
890 3242 963 3305 ἄνευ
984 3240 1163 3323 κανθηλίου.

346 3322 400 3411 Τῷ
421 3328 545 3411 παλαιῷ
566 3325 743 3409 Λακρατίδη
764 3328 798 3390 τδ
819 3325 927 3395 σκέλος
948 3326 1120 3413 βαρύνεται.

345 3406 401 3494 Τιβ
413 3412 532 3495 πράσου
548 3407 725 3495 φύλλιρ’στ’
738 3410 877 3495 ἐρώντων
890 3411 1054 3495 δεδεμένον
1065 3410 1258 3494 βαλλάντιον.

346 3489 417 3555 Τῶν
436 3517 471 3577 γε
492 3495 763 3580 διθυραμβοποιῶν
788 3500 858 3557 νοῦν
881 3494 964 3582 ἔχεις
985 3496 1143 3559 ἐλάττονα.

349 3576 438 3660 Φρὺξ
453 3579 529 3661 ἀνὴρ
550 3580 676 3664 πληγεὶς
695 3579 841 3661 ἀμείνων,
861 3582 911 3643 καὶ
933 3578 1173 3664 διακονίστερος.

347 3658 602 3747 Χοιροπωλήσειν
627 3662 740 3741 ἔοικας,
761 3664 786 3726 ῶ
810 3660 960 3747 Κορινθία
980 3666 1077 3747 γύναι.

338 3742 420 3808 Ὧδε
444 3746 535 3827 μίσει,
557 3752 600 3818 ῶς
615 3749 770 3833 φιλήσων·
784 3752 837 3816 ῶς
860 3748 895 3811 δέ
918 3751 1066 3834 μισήσων,
1090 3747 1183 3833 φίλει.
