2884 4650
594 544 746 641 ΕΩ*

482 705 520 772 ῗΘ
543 710 611 797 πρὶν
635 711 683 773 ἀεὶ
702 708 852 795 Βρομίου.
1053 720 1126 781 ut?

211 792 270 853 Ille
292 795 377 871 prius
398 796 525 856 Bromio
547 798 687 858 titubans.
705 798 834 875 vestigia
853 818 933 872 rore,

255 880 313 938 Ille
335 898 435 939 comes
456 880 586 941 Bacchis
607 885 778 961 semicaper
799 882 939 960 Satyrus,

211 966 259 1025 En
280 965 368 1041 paria
388 975 492 1025 aerata
511 968 667 1029 devinctus
689 968 836 1047 compede
858 987 956 1042 crura,

252 1049 345 1108 Nunc
364 1059 438 1110 nato
460 1052 601 1112 Thetidis
623 1055 753 1112 fabricat
772 1072 857 1112 arma
877 1053 974 1113 Dece.

210 1132 284 1194 Non
308 1134 429 1211 quidem
452 1138 594 1196 honorato
616 1139 791 1217 defungitur
807 1138 860 1196 ille
881 1139 996 1214 labore,

254 1220 316 1281 Sed
334 1220 475 1280 miseram
492 1223 549 1279 hac
569 1224 662 1281 vitam
685 1225 817 1284 sustinet
840 1232 905 1282 arte
927 1243 1024 1284 suam.

467 1385 533 1450 llud
556 1383 606 1450 cur
624 1392 710 1451 κεῖνα
725 1388 873 1451 κύπελλα.
1051 1396 1122 1454 ud?

209 1472 300 1533 Nunc
322 1474 373 1531 ubi
397 1480 468 1532 sunt
487 1476 609 1550 calices,
630 1477 683 1535 ubi
705 1496 782 1553 quos
803 1477 936 1549 iaculare
958 1478 1082 1539 solebas

252 1559 402 1636 Thyrs0s‚
428 1568 458 1617 et
477 1569 576 1637 potus,
597 1562 701 1621 Fauna
720 1562 851 1639 petulce‚
871 1562 936 1621 tui?

210 1644 287 1720 Quis
312 1645 403 1701 limae
423 1646 573 1705 admovit?
592 1648 659 1724 quis
682 1647 791 1706 vinclis
811 1647 910 1705 induit
931 1649 1038 1707 crtus?

252 1729 351 1804 Quem
372 1729 485 1787 Bacchi
504 1750 597 1791 cunas
619 1732 808 1791 conuoluisse
829 1733 937 1791 ferunt.

207 1814 386 1890 Pauperies‚
409 1815 551 1891 durisque
572 1836 683 1894 urgens
704 1818 736 1875 in
757 1818 848 1875 rebus
870 1825 1004 1895 egestas,

250 1900 388 1959 Vulcano
410 1901 524 1959 sumum
547 1921 594 1959 me
613 1903 717 1960 bibere
739 1901 794 1958 illa
814 1902 905 1960 dedit.

501 2062 698 2151 'Ellpubcbpr
720 2068 823 2151 ἠλεῖα.
1048 2072 1119 2131 abb

206 2155 372 2214 Potantnm
393 2155 425 2212 in
446 2154 516 2213 rixa
537 2156 683 2231 crepuisti
702 2156 810 2228 fracta,
834 2162 977 2231 tuumque

249 2239 367 2299 Fudisti
387 2248 446 2297 toto
466 2248 581 2313 ventre,
604 2240 725 2319 lagena,
742 2260 867 2299 merum.
900 2258 904 2263 ’

206 2327 327 2402 Aspara
345 2345 414 2383 nem
433 2327 500 2384 saxi
521 2327 567 2386 vis
589 2329 705 2386 eminus
726 2327 832 2385 incidit
848 2328 880 2384 in
903 2335 944 2400 te,

248 2409 322 2470 Non
344 2408 437 2483 Iovis,
461 2419 492 2468 at
513 2411 592 2470 Iovii
611 2413 708 2474 missa
729 2420 855 2489 repente
875 2431 975 2469 manu.

206 2496 362 2569 Riserunt,
385 2496 476 2554 ictam
492 2497 543 2572 qui
563 2505 593 2554 te
611 2497 714 2555 videre
738 2497 874 2568 sodales,

248 2583 289 2640 Et
307 2582 407 2640 sonuit
424 2581 523 2640 mistis
542 2581 673 2658 plurima
695 2584 784 2641 turba
806 2582 894 2642 iocis.

204 2664 276 2725 Nun
298 2685 353 2744 ego
371 2674 403 2723 te
421 2667 541 2725 doleam
567 2667 720 2726 Bacchum
743 2668 914 2744 peperisse,
937 2667 1076 2746 Ingena:

248 2751 317 2810 Hoc
338 2751 433 2810 fatum
457 2749 597 2812 Semelae
618 2771 673 2829 par
695 2753 753 2810 erit
772 2760 862 2828 atquc
881 2753 946 2812 tibi.

477 2916 607 3000 Χρυσὸν
632 2919 708 3002 ἀνὴρ
732 2919 842 3001 εὑρὼν.
1045 2923 1115 2982 cst

205 3003 334 3080 Quidam
347 3027 421 3066 auro
435 3007 556 3064 invento
571 3006 713 3084 laqueum
726 3007 843 3066 abiicit:
855 3007 933 3064 alter
946 3008 1000 3066 ubi
1010 3027 1116 3066 aurum

247 3090 319 3150 Non
340 3092 462 3170 reperit,
485 3093 579 3150 nectit
598 3111 685 3168 quem
707 3094 823 3170 reperit
837 3092 988 3168 laqueum.

100 3315 103 3325 ,
454 3255 508 3326 Εἰς
522 3255 635 3321 Ῥόδον
659 3260 686 3322 cl
707 3259 845 3322 πλεύσοι.
1065 3259 1115 3343 β6

204 3345 312 3404 Utrum
331 3347 470 3405 adeunda
492 3347 616 3406 Rhodos
642 3349 800 3408 consultus
822 3346 1001 3422 Olympicus
1021 3365 1117 3426 augur

247 3429 474 3510 Solvendaeque
495 3433 575 3492 foret
596 3452 673 3508 quae
695 3435 745 3493 via
765 3439 831 3491 tuta
851 3431 921 3501 rati,

204 3513 258 3578 Siti
269 3516 399 3593 primum
418 3537 494 3577 nova
516 3519 615 3591 navis,
635 3519 690 3577 ait:
713 3518 870 3577 discedere
895 3516 1002 3572 bruma

245 3601 353 3675 Parce,
378 3603 432 3661 scd
452 3605 569 3662 aestiva
591 3604 690 3662 sidere
712 3604 781 3662 vela
802 3602 880 3658 dato.

202 3683 273 3745 Hoc
290 3689 368 3746 bene
393 3689 420 3747 si
441 3688 534 3760 faxis,
556 3689 613 3746 huc
634 3690 692 3747 ibis
714 3696 808 3758 tutus,
832 3693 862 3742 et
880 3684 963 3759 illuc,

247 3769 281 3832 Si
302 3792 366 3831 non
389 3773 496 3850 piratis
517 3774 608 3831 obvia
628 3773 743 3850 praeda
764 3770 860 3831 venis.

849 3856 912 3916 17·
