2884 4650
616 529 677 591 241

191 691 290 761 Μόλις
311 693 448 777 τυράννῳ
470 696 582 777 προῖκα
605 694 779 781 βασιλεύειν
800 693 899 775 θέμις.

191 774 311 862 Κέρδος
337 776 474 862 βρότειον
496 778 663 864 τήντύχην
684 781 770 841 ποιεῖ
783 777 873 841 θεόν.
915 814 919 821 ·

191 860 296 946 Σοφδς
316 866 482 945 φρενοῦται
503 867 581 924 τοῖσι
601 868 661 925 τῶν
683 859 785 929 πέλας
801 867 916 931 κακοῖς.

192 942 235 1010 Τδ
259 949 319 1007 τῶν
339 946 370 1007 ἐν
395 947 467 1031 ὕψει
486 946 592 1030 πτῶμ)
615 946 889 1031 ἐπισφαλέστατον.

189 1026 338 1114 Ἔγείρετ’
362 1028 442 1116 ἔργῳ
463 1030 498 1093 τὸ
521 1032 626 1107 κακδν,
651 1029 727 1094 ἀλλ’
751 1029 807 1093 ούκ
827 1028 965 1115 ἄρχεται.

190 1110 368 1197 Ὀλιγοστύν
389 1114 452 1177 ἐστι
472 1113 574 1192 τοῦθ’,
599 1116 674 1200 ὀπερ
697 1119 798 1193 ζῶμεν
818 1115 897 1199 βίου.

191 1196 315 1283 Πάτρας
337 1199 501 1284 στερίσκων
526 1200 616 1263 αὑτδν
644 1200 709 1262 ἐστ’
734 1197 837 1282 ὀρθῶς
858 1200 966 1303 φυγάς.

187 1278 298 1345 Ῥέποι
317 1282 345 1364 γ’
371 1282 406 1345 ἄν
430 1284 473 1351 εἰς
492 1283 525 1344 τδ
549 1286 653 1368 μωρδν
677 1284 794 1367 εὐήθης
814 1305 936 1366 τροπος.

186 1362 284 1451 Ῥᾷόν
309 1388 366 1451 περ
388 1367 473 1437 αύῖει
495 1364 520 1429 τ’
547 1367 659 1451 ἀξίωμ’
685 1393 704 1451 η
725 1368 863 1451 ἄρχεται.

190 1449 284 1514 Ποιεῖ
303 1456 438 1535 προσηνῆ
460 1452 511 1515 καὶ
533 1452 584 1514 τόν
607 1451 761 1535 ἄγνωστον
781 1449 870 1535 τύχη.

191 1532 379 1618 Τοῦγκλημα
398 1541 515 1620 χεῖρον,
533 1537 638 1620 πρᾶξιν
660 1538 698 1621 ῆν
720 1539 815 1618 σιγᾷς,
836 1540 943 1605 ποιεῖς.

190 1618 315 1687 Ψεῦδος
334 1618 499 1705 κακόφρων
525 1621 653 1704 διαβολὴ
675 1622 792 1705 ψευδὴς
814 1616 883 1703 ἔφυ.

189 1701 351 1788 Σύμφησιν
377 1704 503 1783 ἀδικεῖν,
550 1706 697 1786 υγοδικῶν
719 1705 802 1770 ὅστις
822 1709 917 1788 κυρεῖ.

183 1784 303 1873 Ὄλβου
327 1790 461 1851 παλαιοῦ
479 1728 617 1871 θρέμμα,
639 1789 789 1852 πλουσίου
810 1783 913 1871 χύλδς.
980 1800 984 1813 “

191 1871 358 1936 Θάλλουσα
378 1873 469 1935 κακία
489 1872 579 1934 δυστύ
603 1873 660 1957 ημ’
684 1873 804 1936 ἐσθλῶν
827 1869 897 1956 ἔφυ.

190 1953 239 2019 Τὰ
258 1957 342 2041 ῥᾷστ’
367 1955 402 2019 ἄν
424 1956 520 2025 οἴσοις
542 1897 652 2021 καθτᾶ
677 1959 812 2042 δυσχερῆ
837 1954 950 2040 φέρων.

190 2040 304 2125 Φέρειν
328 2039 449 2125 ἄφυκτα
468 2044 528 2105 τῶν
549 2048 663 2119 κακῶν,
689 2043 730 2125 μὴ
755 2042 916 2124 λοιδορεῖν.

190 2124 304 2209 Φέρων
326 2126 359 2188 τὸ
384 2127 516 2210 βλάπτον
540 2128 644 2191 καὶτὸ
665 2128 825 2209 σύμφορον
846 2124 961 2209 φέροις.

189 2206 238 2272 Τὰ
258 2209 378 2272 πλαστὰ
398 2211 474 2293 πρὸς
494 2211 545 2272 τδν
567 2208 642 2273 ίδιον
665 2210 699 2274 ἄν
725 2211 836 2295 δράμοι
858 2209 982 2291 τρόπον.

189 2290 255 2378 Τῆν
275 2295 371 2357 πίστιν
395 2294 451 2358 οόκ
472 2293 592 2358 ὀλέσειε
611 2296 689 2380 πλὴν
713 2298 729 2360 ὁ
755 2295 795 2379 μῆ
821 2292 913 2379 έχων.

190 2378 262 2465 Τέῳ
284 2378 425 2454 πέποιθε,
446 2381 542 2442 πίστιν
565 2381 646 2449 ὅστις
666 2382 801 2456 ῶλεσεν;

190 2461 254 2548 Τῆν
277 2464 372 2526 πίστιν
393 2455 505 2532 ὀλέσας
523 2466 553 2527 τί
575 2465 711 2528 ὀλέσειεν
735 2465 770 2528 ἄν
795 2463 919 2547 πρύσω;

182 2544 280 2615 Ὅθεν
301 2547 375 2632 ἦλθ’
400 2547 549 2632 ὁμύιρρων
574 2550 680 2623 πίστις,
703 2550 759 2613 ούκ
780 2548 951 2632 ἀνέρχεται.

183 2634 314 2718 Ὡραῖον
338 2633 420 2701 εῖδύς
442 2633 505 2695 ἐστι
527 2633 642 2702 ἄλαλος
667 2634 819 2701 σύστασις.

190 2717 278 2803 Τύχη
301 2717 446 2803 βροτείων
468 2721 562 2801 κῦρος
577 2719 633 2781 οόκ
655 2717 721 2804 ἔχει
742 2717 888 2803 τρύπων.·

183 2801 302 2889 Ὄλβος
326 2801 421 2884 μέγας
442 2801 600 2886 δούλευμα
621 2805 717 2887 κυρίῳ
740 2803 827 2886 μέγα.

190 2886 304 2953 Οόδενὶ
324 2886 401 2970 τύχη
426 2885 547 2949 δύναιτο
570 2892 623 2970 τῆς
645 2889 759 2972 βουλῆς
779 2886 884 2950 πλέον.

188 2972 282 3036 Ποιεῖ
299 2970 478 3054 παραπλῆγ’
502 2972 521 3052 ἡ
546 2971 622 3056 τύχη
647 2973 801 3035 θάλπουσ’
824 2970 909 3054 ἄγαν.

182 3053 286 3126 Ἅπαξ
309 3055 474 3139 ἐνοχλοῦσ’
497 3055 534 3118 ού
554 3080 610 3119 τινι
633 3056 750 3140 στέργει
770 3056 859 3140 τύχη.

191 3141 302 3224 Θέλγει
322 3138 558 3224 τύχησαίνουά
583 3141 654 3204 ’ύταν
677 3143 819 3225 θηρητιιβ.

188 3223 288 3310 Χάρις
307 3226 439 3286 πολιτῶν
460 3225 536 3308 πρὸς
556 3224 665 3308 τᾶτῆς
683 3225 780 3310 τύχης
802 3224 897 3309 ῥέπει.
942 3246 944 3249 ’

189 3307 364 3396 Στίλβουσα
387 3307 539 3391 θραυστύν
564 3309 642 3373 ἐστιν
668 3314 711 3378 ῶς
734 3312 824 3378 ύελος
844 3308 933 3392 τύχη.

190 3392 278 3479 Τύχη
304 3394 411 3456 δίδωσι
430 3397 550 3478 χρῆσιν,
574 3395 609 3457 ού
633 3395 736 3476 κτῆσίν
758 3415 847 3461 τινος.

191 3561 296 3647 Τύχης
321 3562 472 3648 λαβέσθαι
496 3563 612 3646 μᾶλλύν
635 3564 725 3639 ἐστιν,
748 3564 767 3646 ἢ
789 3563 920 3644 κρατεῖν.

190 3645 374 3729 Νύσφισμύς
394 3647 521 3724 ἐστιν,δ
547 3649 604 3711 οόκ
626 3647 661 3712 ἄν
683 3645 842 3727 άποδοίης,
856 3643 972 3728 λαβεῖν.

192 3730 326 3816 Παύρων
348 3732 473 3796 κολούει
496 3736 584 3815 μῖσος
605 3733 632 3815 ἡ
650 3731 748 3812 πυκνῆ
769 3729 848 3814 δίκη.

860 3843 899 3904 16
