2884 4650
745 505 805 566 100

321 673 436 738 Sancta
457 674 617 734 vetustatis
638 676 750 752 populo
769 674 916 734 miracula
933 675 1062 751 pandas,

321 761 409 837 Quae
431 760 564 819 nendum
587 779 736 836 praesens
760 761 790 818 in
813 769 950 836 apertam
970 761 1097 837 protulit
1116 769 1212 822 aetas.

319 845 390 905 Non
410 854 442 903 te
461 845 620 922 praeteriit
641 865 721 921 qnae
745 846 850 904 munla
869 843 1014 904 Consulis
1036 840 1151 919 essent,

319 931 390 991 Non
410 949 478 989 enm
500 929 626 1006 Tarpeii
647 931 793 988 dednetus
814 930 852 988 ad
875 930 955 991 edita
975 921 1087 990 montis

319 1017 452 1088 Limina,
476 1015 624 1074 bis-senis
647 1016 781 1092 aperiret
801 1015 936 1082 fastibus
959 1033 1081 1088 annum,
1175 1013 1178 1020 '

325 1101 463 1162 Candida
484 1099 622 1158 delibans
644 1101 797 1177 conceptis
821 1100 924 1158 omina
943 1100 1031 1160 votis.
1073 1143 1077 1150 -

319 1185 387 1246 Nee
407 1201 475 1244 eum
495 1184 585 1260 signa
606 1203 748 1261 premens
772 1183 874 1244 eboris
898 1184 1016 1242 eaelata
1038 1184 1151 1244 eurulis
1187 1231 1191 1240 ,

321 1270 453 1332 Sedatos
475 1276 595 1345 regeret
615 1269 756 1345 ponendo
777 1269 844 1327 iura
869 1267 1011 1340 Quirites.

319 1355 517 1432 Nenignnta
535 1353 590 1412 tibi
608 1354 691 1412 dubii
711 1354 857 1431 suffragia
880 1355 988 1429 campi,
1067 1365 1070 1372 '

319 1440 394 1501 Non
415 1439 521 1511 cistae,
542 1457 602 1495 non
626 1458 695 1498 sera
715 1439 832 1497 ineerta
853 1439 997 1498 volubilis
1016 1455 1126 1497 urnae:

321 1524 392 1585 Non
413 1523 513 1581 ineisa
532 1523 597 1582 suis
618 1524 719 1601 legum
740 1523 892 1582 tabularia
913 1525 1010 1582 saxis.

320 1608 462 1670 Daedala
479 1608 610 1667 faenndo
628 1609 741 1667 florens
762 1609 818 1667 tibi
842 1609 955 1685 pagina
973 1614 1057 1666 textu

320 1694 454 1754 Horrida
474 1693 660 1771 sanguineae
682 1694 860 1752 discrimina
881 1694 979 1770 pingit
1000 1709 1120 1755 arenae.

320 1779 395 1839 Non
414 1780 527 1837 absunt
548 1777 623 1851 illie,
646 1779 720 1856 agili
738 1795 813 1855 quos
836 1777 962 1836 collocet
984 1778 1072 1836 hasta

321 1865 465 1936 Venator,
487 1863 595 1940 Libyci
617 1863 703 1922 fulva
719 1864 837 1922 nervice
857 1863 974 1921 leones.

323 1948 404 2022 Non,
426 1967 554 2025 quorum
574 1948 707 2026 gladium
730 1947 885 2009 eonfeetor
905 1948 936 2005 in
958 1947 1012 2005 ilia
1034 1947 1147 2007 condat

322 2033 508 2105 Comminus,
531 2034 647 2092 exertis
667 2033 821 2091 metuendi
845 2033 986 2092 dentibus
1007 2033 1089 2109 apris

320 2124 382 2181 Ant
401 2119 567 2177 matutinae
588 2137 651 2177 non
672 2119 780 2176 ultima
801 2136 927 2175 munera
951 2135 1082 2196 pugnae,

321 2205 455 2282 Hispida
474 2202 652 2279 Rhiphaeue
673 2203 775 2280 gelida
797 2210 941 2279 portenta
960 2204 1016 2262 sub
1035 2206 1129 2262 Arete

323 2291 410 2367 Quae
430 2295 557 2367 generat
579 2289 688 2361 saltus,
712 2287 856 2365 spatiosis
879 2288 1011 2347 molibus
1034 2289 1107 2347 ursi.

228 2408 231 2412 «
320 2376 358 2434 In
380 2393 508 2452 quorum
530 2383 641 2434 mortes
664 2375 791 2432 veniunt
809 2381 839 2431 et
860 2373 951 2432 funus
973 2392 1084 2431 arenae

321 2460 379 2520 Vel
399 2460 452 2534 qui
471 2460 640 2535 composito
664 2478 773 2537 gressu
792 2460 917 2517 robusta
936 2467 1075 2517 tenentes

321 2546 473 2603 Intratnra
492 2545 575 2602 feras
595 2545 698 2603 valido
719 2543 878 2603 venabula·
895 2544 964 2602 nisu

322 2628 500 2691 Subsistunt
521 2629 610 2705 ipsis,
633 2630 682 2688 vel
704 2628 756 2705 qui
780 2629 891 2688 librata
910 2628 1031 2687 latentis

322 2712 454 2774 Missilia
474 2714 638 2789 expediunt
659 2715 793 2790 tepidum
815 2720 922 2790 potura
941 2722 1087 2779 eruorem.

322 2798 543 2873 Deniqne'non
562 2799 636 2871 illie,
657 2800 765 2876 pepuli
788 2818 866 2875 quae
888 2798 1000 2875 gaudia
1019 2807 1149 2874 pascant

322 2883 536 2958 Luxuriaeque
558 2891 667 2959 parent
686 2884 800 2956 ludum,
818 2884 992 2965 spectacula
1013 2884 1131 2942 desunt.

322 2970 393 3031 Non
411 2987 490 3045 quos
513 2968 709 3045 praepinguis
729 2969 878 3028 distentos
896 2968 974 3026 mole
996 2969 1121 3045 saginae

321 3058 358 3117 In
380 3072 502 3115 suenum
523 3052 662 3129 implevit
679 3054 822 3112 membris
845 3054 951 3113 arvina
972 3054 1093 3126 torosis,

322 3140 382 3216 Qui
406 3146 496 3215 eaput
512 3138 544 3195 in
565 3137 673 3197 eaedes
693 3152 724 3196 et
746 3145 850 3196 mutua
870 3140 977 3197 funera
998 3138 1139 3196 vendunt.

321 3226 382 3285 Hic
402 3222 598 3283 etMirmille
618 3223 709 3281 nixus
733 3216 863 3282 subsidit
883 3224 916 3282 in
938 3223 1031 3283 armis

321 3310 461 3371 Pendula
481 3309 638 3368 declinans
661 3308 797 3365 vibratae
818 3310 895 3366 retia
913 3308 1050 3379 dextrae,

320 3395 517 3471 Verberaqne
539 3413 558 3452 a
578 3400 662 3453 moto
685 3394 770 3451 timet
787 3391 935 3452 intentata
955 3393 1085 3451 tridente

322 3478 494 3555 So[l]lieitis
515 3480 609 3539 oeulis
627 3478 761 3537 tunicato
782 3485 863 3537 tutus
888 3480 926 3537 ab
949 3479 1048 3537 hoste.

321 3570 383 3627 Aut
404 3582 460 3640 par
483 3565 664 3641 aequimano
686 3579 829 3641 pugnans
849 3580 915 3621 eum
938 3563 1055 3621 Threee
1077 3566 1197 3621 secutor

320 3652 532 3727 Imprespeeta
552 3659 640 3709 earet
658 3649 789 3707 falcatm
810 3648 935 3707 vulnera
954 3648 1047 3707 sicae.

322 3734 436 3797 Omnia
455 3752 531 3809 quae
552 3735 811 3809 tenebriserepta
830 3733 989 3793 silentibus
1008 3731 1080 3792 Orei
