2884 4650
704 537 855 634 ..ffl-

327 705 374 770 Τὰ
398 710 475 770 σῦκα
497 708 585 782 σῦκα,
604 704 657 787 τὴν
682 703 802 787 σκάφην
828 701 947 786 σκάφην
971 699 1064 785 λέγοι.

327 789 375 854 Τὰ
394 788 529 875 χρήματ’
549 786 707 872 Αίσχύνου
730 809 762 851 τε
783 787 835 851 καί
851 785 1032 870 Θεαγένους.

327 872 389 938 Τολν
435 879 504 957 εἶρα
524 870 732 957 ποτιφέροντα
750 870 803 934 τὰν
825 870 900 942 θεὰν
924 873 1032 956 καλῆν.

327 897 498 1043 Τάμγύμιύν
522 957 600 1020 ἔστιν
624 957 702 1039 αίμα
723 956 774 1019 καὶ
797 955 881 1040 ψυχὴ
905 956 1034 1040 βροτοῖς.

327 1041 462 1128 Τάριχος
481 1043 573 1109 δπτδς
592 1040 696 1120 εὐθὺς,
713 1041 753 1124 ,ῆν
777 1038 827 1123 ἴδη
849 1040 883 1102 τὸ
905 1045 976 1124 πῦρ.

328 1125 449 1237 Ταῦρος
470 1127 488 1189 δ
510 1124 614 1188 ἄκοντ’
638 1123 745 1202 ἔτικτε,
762 1124 813 1187 καὶ
835 1129 946 1207 ταῦρον
969 1125 1100 1210 δράκων.

328 1208 397 1297 Τάχ
430 1211 476 1274 εἰσ
498 1209 599 1293 μεσθα
622 1210 759 1293 μάντεων
782 1207 957 1293 ὑπέρτερον.

328 1293 393 1364 Τὰς
409 1295 558 1379 κνημίδας
580 1299 625 1378 τιγῖ
646 1294 743 1378 κρατὶ,
765 1297 805 1377 τῇ
826 1293 926 1376 κνήμη
948 1295 1069 1378 κράνος.

328 1378 424 1465 Τείχη
449 1379 560 1461 σιδηροῖ
582 1380 698 1461 μᾶλλον
722 1377 776 1440 εἶν’
799 1377 940 1524 ῖηγήϊνα.

328 1462 450 1528 Τέκτιυν
474 1462 531 1546 γὰρ
553 1464 595 1525 ὢν
617 1462 762 1546 ἔπραττες
786 1483 802 1524 ο
845 1461 1035 1545 ξυλουργικά.
1083 1482 1086 1490 ’

329 1544 460 1631 Τετμάδι
480 1544 631 1630 γενηθεὶς,
654 1550 697 1615 ὥς
716 1543 795 1610 ἔοικ’
819 1543 926 1614 ἄλλοις
944 1550 1041 1611 πονῶ.

329 1629 431 1716 Τέχνη
454 1630 564 1738 τέχνην
587 1629 719 1715 ἔστερξε,
743 1632 795 1695 καὶ
815 1627 891 1714 τύχη
913 1627 1019 1715 τύχην.

329 1713 378 1799 Τῇ
401 1715 455 1798 μὲν
478 1716 589 1798 διδωμι
606 1716 701 1821 χειρὶ,
719 1720 760 1797 τῇ
781 1715 815 1777 δὲ
838 1716 997 1798 λαμβάνω.

329 1795 435 1882 Τηλοῦ
457 1799 542 1884 φίλοι
563 1821 698 1868 ναιοντες
720 1799 777 1862 οὐκ
797 1799 855 1862 εἰσὶ
877 1798 972 1883 φίλοι.

329 1881 393 1966 Τὴν
417 1882 493 1946 δαῖτ’
521 1883 620 1946 ὄνειον
644 1886 660 1949 ὁ
682 1881 805 1966 Σκύθης
830 1883 992 1955 άκκίζεται.

329 1968 392 2051 Τὴν
413 1966 498 2054 χεῖρ’
526 1968 596 2031 ὑπίσ
619 1991 646 2031 ει
669 1967 892 2052 κᾴπυθνήσκων
916 1967 1062 2038 Ἀττικός.

330 2051 393 2135 Τῆς
414 1991 709 2136 έπιμελείαςΤοῦλα
732 2053 831 2115 πάντα
852 2053 975 2134 γίνεται.

330 2138 370 2203 Τί
390 2137 447 2221 γὰρ
469 2141 598 2221 μακροῖς
618 2136 755 2199 αὐλοῖσιν
779 2136 915 2221 αῦλῆσαί
934 2136 970 2221 μ’
996 2136 1076 2216 ἔδεις

331 2221 371 2288 Τί
388 2223 465 2303 δῖητα
484 2224 587 2307 χεῖρες
608 2220 664 2283 οὐκ
686 2219 721 2283 ἂν
747 2220 949 2304 ἔργασαίατυ;

332 2305 371 2372 Τί
389 2307 509 2391 μεγάλα
531 2306 754 2390 φροιμιάζομαι
775 2308 888 2389 μικρῶν
910 2306 998 2391 πέρις

332 2389 371 2456 Τί
390 2391 426 2454 ού
449 2391 564 2474 γενήση
590 2392 627 2474 δή
653 2391 726 2453 ποτ’
749 2389 903 2499 Ἀρρέλας
925 2392 994 2468 ίών;

332 2473 372 2540 Τί
390 2475 447 2538 οὐκ
468 2475 605 2558 ἀπήγξω,
624 2474 674 2539 ίνα
696 2474 806 2560 Θήβησ
843 2476 928 2559 ἥρως
948 2476 1041 2559 γένη;

267 2608 270 2614 .
333 2557 385 2627 Τίς
405 2560 462 2645 γὰρ
485 2558 644 2647 κατόπτρῳ
666 2560 717 2623 καὶ
737 2562 846 2665 τοφλορ
868 2561 1027 2636 κοινωνίαι

333 2641 386 2711 Τίς
408 2644 471 2705 ἔστι
493 2645 604 2712 δοῦλος
621 2648 676 2708 τοῦ
698 2645 804 2707 θανεῖν
826 2666 969 2727 αφροντις
992 2646 1053 2723 ὤν;

333 2726 410 2792 Τύδ’
432 2727 584 2799 ἐξοπλίζει
602 2726 716 2797 τοῦπος
737 2728 884 2813 Ἀργείων
907 2730 998 2792 λεύν.

334 2810 411 2877 Τύδ’
432 2810 495 2874 ἔστι
514 2814 623 2897 πολλῷ
643 2815 794 2919 μεῖζον,ἧ
817 2810 928 2896 Τροίαν
953 2813 1045 2879 ἑλεῖν.

333 2895 377 2961 Τδ
397 2894 432 2958 κέ
453 2894 506 2963 δος
526 2896 598 2975 ἡδύ,
618 2919 673 2959 καν
701 2898 762 2959 ἀπὸ
792 2898 906 2959 ίευδῶν
928 2896 976 2982 ἔη.

334 2978 376 3044 Τδ
404 2918 458 3063 μέν
476 2978 512 3062 μ’
535 2958 753 3064 ἔλειπεκῦμα,
773 2923 806 3045 τέ
830 2981 860 3044 δ’
885 2981 1159 3071 έγκατελάμβανεν.

333 3063 376 3129 Τδ
400 3066 455 3148 μὲν
477 3064 628 3147 πάρεργον
652 3062 740 3148 ἔργον
766 3066 809 3133 ὣς
829 3065 1003 3149 ἡγούμεθα,

375 3150 408 3212 τδ
432 3146 464 3211 δ’
489 3145 577 3231 ἔργον
598 3151 640 3215 ὡς
660 3151 811 3233 πάρεργον
837 3150 1062 3235 ἐκπονούμεθα.

334 3231 378 3297 Τδ
400 3239 520 3318 πρῶτον
543 3233 586 3299 εἰς
611 3232 683 3301 τοὺς
699 3235 812 3302 παῖδας
833 3235 978 3317 ἔζηλοῦτ’
996 3236 1102 3323 Ἄρης.

335 3315 378 3381 Τδ
401 3319 504 3381 σκαιὸν
528 3318 614 3401 ὄμμα
633 3320 823 3402 παραβαλὼν
843 3318 937 3382 θύνου
962 3322 1056 3404 δίκην.

336 3397 379 3465 Τὸ
400 3403 540 3486 συγγενὲς
559 3401 616 3485 γὰρ
638 3403 689 3465 καὶ
735 3402 835 3465 θονεῖν
857 3402 1021 3469 ἐπίσταται.

335 3482 379 3547 Τδ
400 3485 489 3556 τέλος
510 3485 567 3571 ύίμ>
589 3488 627 3571 άρ
657 3491 673 3506 ”
696 3425 789 3554 εέθῦς
811 3486 847 3549 οὐ
869 3490 1097 3574 καταφαίνεται.

335 3565 482 3638 Τοιοῦτός
504 3570 582 3634 ἔστιν
606 3509 712 3656 οίέπερ
735 3571 842 3654 ἥδεται
864 3575 971 3637 συνὼν.

336 3649 409 3721 Τοῖς
427 3650 461 3715 εύ
482 3661 629 3737 φρονοῦσι
653 3662 903 3740 συμπαραστατεῖ
919 3657 1007 3744 τύχη.

337 3734 483 3805 Τοιοῦτος
503 3738 546 3801 ὢν
570 3740 627 3805 οὐκ
647 3740 682 3805 ἄν
702 3740 733 3825 γ’
757 3739 824 3805 ἔλοι
843 3740 931 3805 πόλιν
954 3741 1039 3806 ποτέ.
