2884 4650
93 3893 98 4097 Ι

217 699 261 760 Ni
283 702 358 760 mihi
379 721 477 763 comes
501 706 620 765 adforet

217 786 281 844 Iste
302 788 456 864 legitimus
478 790 549 848 boni

218 869 384 948 Copulator
403 875 529 934 amoris:

89 931 90 978 ἔ
163 955 236 1031 'Qui
255 964 340 1016 tuum
364 958 430 1016 sine
450 959 554 1019 liberis

216 1041 266 1100 Ne
287 1043 377 1116 foret,
401 1052 550 1118 metuens,
572 1065 680 1124 gemis,

216 1127 369 1186 Floridam
388 1129 444 1187 tibi
465 1130 612 1206 virginem

216 1212 286 1270 Iure
309 1214 448 1273 connubii
471 1215 563 1288 dedit,

217 1295 442 1376 coniugemque
464 1300 588 1359 dicavit:

89 1461 90 1470 ἵ
177 1381 261 1457 Quae
283 1385 380 1441 bonae
403 1384 517 1443 sobolis
540 1385 645 1460 serari,

218 1467 327 1542 Qualis
350 1476 401 1526 aut
424 1467 600 1530 Cerealibus

217 1551 311 1628 Spica
332 1554 434 1612 adulta
455 1555 627 1630 novalibus,

214 1640 276 1696 Aut
296 1639 511 1698 Achaemeniis
534 1640 636 1700 virens

216 1720 317 1781 Citrus
342 1723 437 1781 ardua
456 1725 583 1801 campis,

177 1803 339 1885 Coniugem
359 1810 448 1868 toties
470 1817 585 1886 patrem

214 1893 310 1952 Fecit.
332 1893 413 1954 Huic
433 1914 498 1972 ego,
518 1914 585 1952 cum
605 1897 661 1954 tibi
686 1939 689 1947 ι

214 1977 308 2055 Virgo
332 1979 459 2038 traditur
478 1980 510 2038 in
533 2000 665 2055 manum,

186 2061 433 2140 0Nuptialiaque
457 2065 559 2124 omina

214 2148 291 2206 Iuno
314 2148 426 2209 Cinxia
446 2151 554 2223 sancit,

175 2234 269 2291 Mater
291 2235 372 2292 haud
392 2235 496 2308 semel,
517 2235 623 2310 inquii,

215 2317 276 2379 Sed
294 2340 445 2397 puerpera
465 2320 587 2398 saepius

215 2403 359 2464 Caeteras
379 2408 424 2464 uti
446 2407 581 2465 moribus

214 2488 331 2563 Vincis,
355 2492 513 2550 innumera
535 2510 656 2566 quoque

214 2572 310 2633 Vince
330 2577 416 2652 prole
435 2577 571 2635 maritas.

175 2658 262 2718 Dicta
283 2663 463 2739 comprobat
485 2663 594 2721 exitus.

214 2744 275 2803 Vix
296 2748 378 2823 capit
401 2748 536 2805 sobolem
558 2747 676 2807 domus.
764 2806 767 2812 ,
876 2764 878 2768 ·

214 2829 278 2887 Iam
300 2833 406 2908 nequit
426 2833 527 2909 digitis
551 2832 615 2890 suis

213 2913 338 2976 Liberos
358 2936 456 2992 neque
479 2918 605 2975 dextera

213 2999 280 3059 Nec
303 3002 427 3061 sinistra
448 3010 568 3078 putare:

173 3083 208 3141 In
229 3086 349 3161 quibus,
374 3088 455 3146 velut
477 3086 631 3163 integer[‚]

212 3169 324 3231 Divitis
347 3173 439 3230 decus
459 3172 582 3244 hortuli,

215 3256 313 3331 Quem
335 3277 395 3316 nec
415 3257 557 3318 Olenium
580 3274 674 3332 pecus

213 3340 354 3415 Proterit‚
377 3362 474 3419 neque
496 3342 628 3417 carpitur

212 3426 321 3505 Ungue
342 3428 487 3487 flosculus
508 3427 583 3499 ullo,

172 3516 260 3573 Anna
282 3514 418 3571 moribus
442 3513 536 3571 enitet

212 3597 350 3656 Educeta
368 3598 508 3675 piissime

211 3682 321 3741 Matris
341 3684 373 3741 in
396 3684 511 3759 gremio
532 3702 617 3757 suae,

211 3768 251 3827 Et
271 3768 448 3845 pudicitiam
472 3787 528 3828 suo
