2884 4650
96 719 97 724 κ
182 681 292 742 Eludis
316 682 403 760 digiti
420 682 594 757 impetentis
616 683 723 742 ictumt

183 769 225 828 Ut
250 768 369 844 campis
388 785 466 840 equa
484 767 574 824 trima
596 766 673 826 ludit
694 768 765 834 olim

97 832 101 861 ¹
183 853 278 912 Motis
302 871 374 910 cera
395 851 528 910 calcibus
549 852 717 912 lacessens.

183 943 233 996 An
255 937 337 1012 quod
359 936 478 1014 legibus
502 937 644 996 omnibus
664 938 796 1009 solutus,

184 1022 341 1081 Puellaris
362 1023 496 1080 membra
519 1023 709 1100 pervagaris,

170 1108 290 1182 ‘Usque
313 1105 456 1183 Cypridis
479 1106 516 1163 cd
537 1108 627 1166 beuta
646 1127 754 1186 regnu,

101 1194 104 1209 '
185 1195 314 1268 Impune
334 1193 494 1250 insinuans
516 1193 629 1252 ameris
654 1192 727 1250 elmi
752 1217 755 1225 ¹

185 1277 318 1338 secretis
341 1277 452 1354 adytis,
472 1273 651 1351 sacrumque
669 1278 762 1336 limen

185 1363 348 1434 Insistens,
372 1362 452 1436 qncd
470 1363 510 1420 eb
525 1363 666 1422 omnibus
690 1362 829 1439 profanis

184 1449 223 1506 Et
241 1448 327 1522 tangi
347 1446 458 1519 scelus,
481 1455 512 1505 et
534 1449 621 1506 nefus
644 1449 762 1506 videri?

185 1532 246 1590 Hic
265 1539 298 1589 tu
320 1531 432 1590 ianitor
453 1533 599 1609 excubes,
623 1540 654 1590 et
675 1533 774 1607 ipsam

185 1619 305 1675 Aureae
328 1616 456 1674 Veneri·
480 1617 572 1676 tueris
596 1635 689 1675 arem.

187 1703 286 1776 Quam
308 1709 411 1760 sancte
435 1702 489 1760 tibi
510 1702 633 1760 tradidit
650 1701 794 1760 tuendam

183 1787 223 1846 Et
242 1787 346 1844 ridens
369 1786 484 1859 Venus,
509 1795 538 1844 et
558 1807 635 1863 puer
656 1786 782 1864 Cupido.

185 1872 270 1929 Tene
291 1879 466 1947 propterca,
492 1893 510 1928 ο
534 1880 661 1931 venuste
682 1872 795 1943 Puiex,

185 1957 269 2015 Tene
291 1973 461 2032 prosequar
482 1976 574 2015 aurea
594 1957 741 2014 camena?
859 1998 861 2001 -

185 2042 271 2099 Tene
294 2042 354 2100 hoc
375 2042 496 2100 nomine
517 2043 689 2118 praedicem
712 2044 845 2110 beatum,

183 2126 331 2185 Pulicelle
353 2127 450 2204 niger,
471 2127 583 2204 nigelle
604 2127 724 2185 Pulex?

183 2211 271 2271 Non:
294 2211 349 2270 sed
371 2211 454 2286 quod
473 2213 569 2271 nimio
592 2221 644 2272 tuo
667 2213 775 2289 lepore

183 2297 244 2356 Tot
268 2296 354 2356 solus
376 2296 453 2357 facis
476 2305 506 2355 et
527 2298 610 2375 paris
636 2299 759 2370 Poetae,
852 2361 853 2364 ,

184 2384 323 2458 Quorum
344 2384 495 2456 centibus,
518 2403 688 2459 aureaeque
708 2385 832 2459 linguae

182 2468 272 2525 Vena
294 2467 397 2540 divite,
419 2470 557 2527 versibus
582 2469 713 2541 canonic,

182 2552 369 2612 Immone-iis
392 2553 464 2625 eris,
486 2554 596 2629 diuque
617 2555 711 2613 rives.

182 2637 264 2697 Nam
285 2638 367 2707 dum,
386 2639 502 2714 pumiie
521 2639 671 2715 pumililis
691 2637 817 2710 Pulex,'

183 2722 305 2781 Haeres
326 2723 476 2799 pendulus
498 2724 529 2781 in
553 2725 621 2783 sinu
644 2723 766 2800 puellae

183 2808 294 2867 Novus
316 2808 455 2885 Pegasus
476 2810 507 2866 in
529 2828 610 2868 nove
631 2809 840 2885 Hippocrene,
873 2851 875 2856 .
912 2882 914 2884 ι

183 2894 210 2951 Ε
234 2882 339 2951 mcr'sn
360 2900 426 2965 tuo,
448 2903 484 2951 ut
501 2894 615 2970 ungule
636 2914 675 2953 ex
699 2893 818 2968 equine,

182 2978 352 3036 Fluxernnt
371 2978 478 3037 latices
497 2978 626 3052 Poetici,
651 2980 719 3037 dein

183 3063 246 3121 Tot
265 3071 336 3121 sunt
354 3064 490 3121 carmine
510 3073 593 3137 neta,
615 3074 661 3123 tot
681 3065 807 3123 Poetae.

183 3233 213 3291 7.
261 3232 369 3291 Getulis·
385 3234 617 3309 tmdoemyuatt
639 3234 686 3291 De
706 3234 796 3292 Accu
819 3245 847 3293 ct
872 3234 1010 3311 Septimio
1029 3232 1098 3311 [45]

450 3320 577 3377 vesitus
600 3320 685 3395 clepts
707 3323 843 3396 cuprccm

181 3404 301 3461 Acmen
325 3400 491 3479 Septimius
513 3412 636 3463 teneros
660 3405 835 3481 complexus
857 3421 984 3474 emeres,

228 3488 255 3547 Ο
275 3490 380 3560 Acme,
405 3508 474 3545 mee
498 3489 564 3561 lux,
590 3488 791 3565 deliciumque
816 3508 933 3562 meum,

180 3571 226 3630 Ni
247 3572 359 3631 misere
381 3580 422 3645 te,
443 3573 531 3646 dixit,
556 3593 635 3647 amc,
656 3576 689 3632 ni
710 3575 827 3652 perdite
851 3592 953 3631 amare

226 3657 377 3734 Discupio
400 3659 480 3717 vites
503 3668 621 3735 tempus
644 3660 677 3717 in
699 3678 787 3717 omne
808 3678 905 3731 meae,

180 3743 340 3819 Quantum
363 3743 413 3817 qui
435 3745 517 3820 potis
538 3752 585 3803 est
603 3745 712 3821 cepitis
735 3744 896 3803 discrimen
918 3743 1012 3815 adire,
