2884 4650
722 530 872 633 343-

344 699 418 782 Λιτὴ
443 698 543 761 δίαιτα
562 696 704 779 πάρυιρος
726 696 790 759 ἐστ’
815 694 965 764 εὐδοξίας.

345 785 448 850 Λιταῖς
472 780 615 863 ἀκαμπὴς
637 780 880 864 δυσπαραίτητος
900 776 1022 863 τρόπος.

346 866 547 936 Τάνεξίκακον
571 862 711 947 ὀργισθὲν
736 866 909 948 οίστρούται
930 886 946 924 τ
991 861 1017 927 ύ.

346 950 389 1015 Τδ
411 949 523 1032 μέλλον
545 947 638 1012 ἀθλεῖ
659 949 699 1033 μή
725 972 753 1012 τι
770 948 911 1011 νικᾶσθαι
932 947 953 1009 θ
973 949 1037 1008 λον.

345 1038 480 1099 Διπλούν
505 1030 662 1116 ἁμάρτημ’
687 1032 726 1095 ὀύ
748 1055 792 1101 τις
814 1032 871 1096 ούκ
892 1032 969 1094 αἰδὼ
992 1032 1087 1112 κυρεῖ.

346 1118 542 1201 Τούγκλημα,
563 1117 672 1201 καίπερ
695 1118 824 1201 μετρίως
846 1116 969 1201 λεχθὲν,
988 1118 1089 1179 κακοῖ.

337 1200 441 1267 ’Άπαν
466 1203 497 1264 ἐν
518 1200 588 1284 ὄψει
610 1202 761 1264 λανθάνον
781 1202 885 1276 κακὸν,
910 1199 998 1285 βαρύ.

347 1287 390 1353 Τδ
414 1290 506 1371 κρῖμα
530 1285 623 1368 μηδὲν
644 1285 680 1347 ού
704 1284 847 1369 πρύκριμ’
872 1283 957 1369 ἔχον,
981 1281 1070 1368 βαρύ.

346 1371 433 1455 Βαρύ
453 1369 618 1453 πρόκριμα,
640 1372 733 1454 κρῖμα
758 1370 852 1452 μηδὲν
874 1368 932 1430 ούκ
955 1365 1038 1453 ἔχον.

347 1456 456 1559 Ψυχῆς
479 1454 589 1537 βαρεῖα
614 1451 882 1536 μεταμελουμένης
904 1452 986 1519 τίσις.

348 1540 500 1622 Φρονημα
523 1538 632 1619 σεμνὸν
658 1537 693 1600 οὐ
718 1538 910 1622 διχογνῶμον
931 1536 1028 1599 πέλει.

345 1620 480 1707 Ἐχθρὸς
495 1622 645 1698 κάκιστος,
667 1621 749 1689 ὅστις
773 1621 804 1683 ἐν
825 1624 870 1705 νιγῑ
890 1619 1061 1703 κρύπτεται.

348 1705 509 1789 Τομώτερ’
532 1705 593 1768 ἐστὶ
615 1705 761 1768 κινδύνων
784 1704 843 1788 ἄκη
867 1705 942 1767 τινά.

347 1790 492 1875 Χρηστού
515 1793 623 1876 βαρεῖα
641 1795 728 1874 μῆνις
747 1789 913 1873 ἀνθρώπου
934 1792 1030 1872 κυρεῖ.
1059 1836 1062 1842 .

349 1873 534 1959 Πρύσταγμα
558 1875 656 1938 δεινδν
680 1878 734 1958 τῆς
752 1873 916 1957 συνηθείας
939 1870 1009 1956 ἔφυ.

340 1954 468 2022 ’Ἀπασα
487 1959 572 2041 δεινὴ
596 1963 660 2027 τοῖς
681 1960 818 2042 ἀπείροις
840 1958 994 2063 συμμορά.

348 2040 407 2106 Τὸν
430 2041 504 2105 ἴδιον
529 2041 642 2128 ἔλαχον
668 2046 711 2107 ἰὸν
734 2042 860 2126 αἱμύλοι
879 2045 975 2124 λογοι.

348 2126 473 2191 Διδούσ’
496 2127 638 2211 ἀφορμὴν
656 2126 838 2209 κακολόγοις
857 2127 965 2189 πυκνοὶ
983 2127 1086 2209 γάμοι.
1127 2172 1135 2189 .

349 2210 459 2295 Φέρειν
479 2212 634 2295 διάδοχον,
653 2213 672 2295 ἢ
699 2213 837 2296 γράφειν,
859 2215 993 2294 κρεῖττον
1015 2209 1112 2273 πέλει.

347 2292 472 2359 Κλαίων
495 2296 640 2381 διάδοχος
662 2295 720 2360 ύπδ
740 2296 927 2403 προσωπείῳ
944 2298 1031 2380 γελᾷ.

344 2379 400 2448 Ὡς
421 2385 521 2464 κτῆμα
543 2381 727 2465 δυστήρητον
749 2381 809 2444 εστ’
831 2380 970 2449 εύδοξίαί
1033 2449 1039 2462 γ

345 2463 400 2533 Ὡς
422 2466 529 2540 δεινὸς,
552 2465 633 2533 ὅστις
653 2464 730 2528 οἴετ’
752 2465 893 2550 ἀσφαλὲς
912 2465 1033 2528 θανεῖνί

342 2546 468 2612 Ἔνδειοι
488 2553 602 2633 τολμᾷν
624 2549 720 2613 πόλλ’
739 2551 912 2632 ἀναγκάζει
927 2549 1064 2634 βροτούς.

342 2630 424 2703 ’ΈΕω
445 2633 472 2715 γ’
498 2634 609 2696 ἑαυτοῦ
629 2633 737 2716 γέγονε
762 2634 876 2718 μηνίων
898 2634 985 2717 ἀνήρ.

348 2713 412 2780 Τοῦ
435 2719 475 2802 μὴ
504 2719 676 2801 στερεῖσθαι
697 2723 758 2782 τῶν
777 2718 892 2795 πόνων,
914 2717 1003 2802 εύρες
1025 2716 1131 2802 τύχην.

260 2819 263 2824 ‘
340 2796 457 2870 Ὅσους
482 2801 517 2885 ἀγ
541 2803 624 2865 ἰδίων
649 2804 829 2888 ἀποβάλοις,
849 2804 972 2871 τοσάκις
990 2802 1090 2864 θανεῖ.

342 2884 526 2969 Ἀνθρωπος
544 2885 620 2948 ἄλλο
643 2886 798 2970 φθέγγετ’,
820 2887 896 2950 ἄλλο
919 2887 948 2950 δ’
974 2888 1082 2948 ἐννοεῖ.

348 2966 416 3053 Βίῳ
439 2969 471 3031 οῗ
497 2969 637 3054 ἔχρησεν,
661 2971 697 3034 οὐ
720 2971 866 3048 δέδωκεν,
891 2973 910 3054 ἡ
932 2971 1020 3056 τύχη.

349 3049 388 3115 Τί
404 3053 464 3115 ἐστ’
490 3054 621 3136 ἀνάγκης
641 3055 758 3138 θεσμδς
779 3055 944 3140 εὐσχήμων
966 3054 1091 3140 χρύνου.

347 3134 452 3200 Καλύν
473 3137 502 3219 γ’
525 3138 714 3222 ὑπηρέτημα,
737 3140 893 3202 δουλεύειν
917 3139 1031 3225 χρύνιρ.

349 3218 549 3302 Τού[ν]δοξον
571 3223 635 3286 ἐστι
658 3223 787 3307 δευτέρα
806 3225 986 3308 παγκτησία.

349 3303 574 3390 Σύ[γ]γνωστύς
596 3306 684 3382 ἐστιν,
708 3305 789 3375 ὅστις
811 3309 957 3392 αἰσχυνὴν
981 3306 1058 3393 ἔχει.

349 3387 536 3473 Σύ[γ]γνωθι
557 3394 620 3461 τοῖς
641 3391 762 3455 ἄλλοισι
783 3393 849 3475 μὲν,
872 3393 975 3478 ἑαυτῷ
998 3393 1033 3455 δὲ
1048 3393 1101 3476 μή.

348 3471 470 3539 Σαυτού
492 3473 646 3558 κατέγνως
669 3473 694 3560 ᾧ
717 3477 866 3560 ἠδίκησας
887 3476 992 3560 ἤματι.
1055 3528 1058 3534 ,

348 3554 602 3643 Καταπροιξασθ’
628 3561 703 3642 ὀλίγ’
729 3559 926 3645 ἁμαρτόντων
949 3560 1003 3624 ἔνι.

347 3638 499 3726 Ἔρῶντος
521 3646 631 3730 ἀνδρὸς
652 3649 739 3728 μῆνις
763 3645 823 3708 αἰεὶ
846 3645 1000 3728 ψεύδεται.

345 3723 398 3790 Ἐν
422 3726 570 3791 ἀθλίοισιν
598 3731 680 3815 ύβρις
703 3729 766 3793 έστλ
787 3729 818 3814 χ’
843 3729 869 3815 ῴ
890 3730 1000 3813 γέλως.
