2884 4650
1252 517 1369 578 1¹9

391 681 651 740 Latrare
692 701 822 742 mos
867 683 1027 742 hunc
1063 686 1244 763 cogit,
1294 696 1357 746 at
1397 689 1608 746 feritas
1657 708 1810 748 eum.
1906 712 1910 718 ·

393 852 495 911 35.
584 851 813 910 Famae
864 854 1079 913 beatus
1120 856 1223 930 qui
1262 856 1600 933 supervixit
1643 875 1814 931 suae,

390 936 652 1014 Illisque
690 938 909 995 meruit
950 939 1248 998 interesse
1290 940 1594 1014 laudibus,

392 1021 562 1096 Quas
607 1022 734 1081 vita
769 1043 895 1082 non
933 1024 1055 1096 dat,
1097 1024 1277 1084 funus
1320 1044 1391 1083 ac
1430 1026 1582 1084 cinis
1627 1026 1871 1108 darent]

374 1106 588 1166 ‘Bonis
629 1107 860 1181 liceret,
909 1110 962 1168 si
1004 1109 1214 1167 liceret
1256 1129 1371 1186 per
1415 1111 1632 1184 malos,

391 1192 570 1252 Vivis
617 1200 841 1270 negata
880 1194 1081 1271 gloria
1120 1195 1275 1254 vivis
1321 1196 1472 1254 frui„

394 1275 518 1338 Sed
562 1278 617 1336 si
653 1278 946 1337 bonorum
986 1279 1209 1337 iudicia
1247 1280 1320 1337 de
1363 1300 1461 1338 me
1505 1281 1624 1338 mei

393 1362 688 1422 Tardavit
736 1362 870 1420 aevi
908 1364 1069 1424 livor
1110 1383 1180 1422 ac
1216 1364 1586 1442 malignitas,

392 1449 593 1506 Meam
637 1447 958 1521 loquentes
1004 1450 1253 1527 gloriam
1296 1450 1615 1526 nepotibus

391 1533 685 1591 Iniuriam
729 1532 944 1591 horum
992 1554 1109 1592 non
1154 1535 1439 1593 tacebunt
1482 1535 1734 1611 posteri.

395 1703 495 1763 36.
590 1700 1001 1779 Quaecunque
1047 1711 1105 1761 et
1147 1713 1309 1762 artes
1352 1705 1699 1777 moliuntur,
1746 1714 1807 1761 et
1847 1705 2008 1781 parit

391 1787 651 1860 Natura,
695 1806 863 1846 mors
904 1789 1053 1845 haec
1096 1789 1379 1848 vindicat.
1430 1797 1594 1848 stant
1635 1797 1701 1846 ut
1739 1778 1943 1848 ruant':

392 1874 639 1945 Vivunt,
682 1881 750 1930 ut
793 1874 1029 1931 obeant.
1072 1873 1283 1932 ultimo
1332 1874 1668 1932 discrimini

395 1956 682 2019 Servatur
718 1958 900 2016 orbis·
959 1959 1184 2018 Omnia
1226 1960 1290 2016 in
1335 1957 1622 2016 mundum
1673 1957 1892 2014 cadunt

394 2042 694 2103 Casurum
738 2051 801 2100 et
845 2043 1069 2120 ipsum,
1116 2064 1231 2101 non
1280 2044 1604 2101 habentem
1641 2062 1759 2118 quo
1807 2042 1999 2099 cadat.

391 2214 491 2272 37.
584 2212 804 2272 Omnis
854 2213 1073 2291 cupido
1120 2213 1341 2286 laudis,
1392 2212 1590 2272 omnis
1640 2210 1922 2283 ambitus,

389 2297 673 2358 Pruritus
714 2297 903 2357 animi
951 2306 1045 2358 est
1086 2298 1421 2358 febrientis.
1463 2296 1713 2358 Gloriae

393 2382 788 2461 contemptor
826 2384 1086 2456 animus,
1132 2385 1321 2442 maior
1360 2384 1525 2443 omni
1570 2382 1762 2460 gloria
1804 2390 1917 2438 est.

391 2554 493 2613 38.
586 2552 993 2628 Quaecunque
1033 2553 1214 2611 luxus
1260 2551 1484 2610 artifex
1527 2551 1835 2628 superflua

391 2638 780 2716 Excogitavit
822 2638 954 2698 esui
991 2647 1168 2712 atque
1209 2637 1477 2706 indutui3

394 2725 570 2800 Quae
619 2730 805 2782 nauta
846 2742 1087 2796 avaruS‚
1129 2722 1422 2799 prodigus
1464 2722 1622 2779 vitae
1668 2740 1835 2793 suae,

391 2808 621 2868 Procul
658 2808 874 2885 petivit
908 2809 1094 2885 longa
1137 2826 1250 2884 per
1299 2806 1669 2878 discrimina,

392 2895 571 2953 Vitae
615 2901 909 2971 parantur
945 2894 1164 2966 omnia,
1206 2901 1267 2951 et
1307 2893 1494 2950 vitam
1533 2899 1815 2950 atterunt.

393 3063 493 3123 39.
586 3061 856 3121 Conviva
892 3064 1009 3139 fige
1046 3062 1224 3139 potui
1255 3063 1512 3138 primum
1555 3061 1815 3133 modum,

393 3146 565 3222 Quod
611 3155 707 3207 est
750 3165 1031 3219 necesse3
1079 3148 1448 3224 proximum,
1492 3145 1650 3222 quod
1692 3153 1788 3205 est
1829 3144 1998 3206 satis.

391 3232 500 3291 Nil
544 3241 644 3293 sat
675 3232 874 3292 bibaci
914 3241 1029 3306 est,
1085 3232 1292 3292 sobrio
1337 3231 1422 3290 nil
1469 3240 1564 3290 est
1602 3249 1831 3307 parum.

396 3402 495 3460 40.
585 3403 826 3461 Morum
868 3403 1167 3461 malorum
1214 3402 1574 3477 pestilentus
1625 3399 1871 3476 spiritus

396 3485 540 3548 Sive
584 3487 789 3560 adflat,
832 3488 1056 3559 aufert3
1098 3488 1225 3546 sive
1277 3488 1540 3563 stringit,
1584 3483 1792 3541 inficit.

395 3570 492 3631 Ne
530 3572 693 3632 forte
729 3579 790 3631 te
830 3573 974 3633 ullis
1018 3573 1231 3630 allinat
1276 3571 1569 3647 contagiis

394 3656 673 3717 Pruritus
719 3656 960 3733 aliquis,
1001 3658 1144 3716 tale·
1164 3655 1618 3716 contubernium

396 3742 605 3801 Vitare
644 3761 923 3820 propera.
967 3760 1228 3817 namque
1267 3742 1321 3801 si
1364 3756 1567 3797 mores
1616 3735 1814 3797 malos
