2884 4650
1513 507 1637 567 288
1660 593 1726 600 -

666 674 870 751 c157)
1251 673 1437 756 Μήνη
1485 672 1901 757 χρυσόκερως.

662 759 841 817 Luna
883 759 1042 832 vide,
1086 780 1319 836 vosque
1358 780 1394 819 o
1432 762 1975 821 radiantes·noctis
2017 760 2192 819 ocelli

747 847 954 918 Astra,
1002 847 1113 904 sub
1160 846 1418 906 Oceani*
1442 857 1616 906 sueta
1660 848 1862 905 subire
1909 846 2128 904 sinum.

662 928 988 1002 Discessit,
1036 950 1252 1007 meque
1297 931 1394 988 hic
1429 932 1685 1010 fugitiva
1725 932 1971 1006 reliquit
2006 930 2235 1001 Ariste,

745 1014 1030 1092 Improba
1072 1024 1212 1092 post
1251 1024 1493 1074 sextum
1536 1037 1653 1074 non
1697 1016 1844 1074 mihi
1879 1016 2013 1075 visa
2051 1016 2230 1073 diem.

664 1100 985 1178 Vestigare
1034 1107 1235 1158 tamen
1282 1110 1509 1158 certum
1549 1110 1665 1173 est,
1706 1102 2029 1159 immittere
2075 1100 2294 1157 odoros

751 1184 1057 1263 Cypridis,
1108 1186 1342 1262 argenti
1389 1186 1618 1263 grande
1659 1188 1985 1258 numisma,
2030 1202 2236 1244 canes.

671 1354 903 1431 (062)
1202 1347 1475 1434 Ὅρθρος
1521 1349 1633 1437 ἔβη
1680 1349 2020 1434 Χρύσιλλα.

666 1440 971 1510 Lucescit,
1019 1437 1343 1517 Chrysilla.
1390 1438 1534 1517 vigil
1578 1441 1699 1497 iam
1748 1439 1945 1516 gallus
1994 1447 2168 1497 acuto

751 1523 1064 1582 Infensum
1110 1524 1282 1582 nobis
1326 1534 1614 1599 provocat
1651 1544 1757 1583 ore
1803 1525 1981 1583 diem.

664 1609 937 1668 Alituum
978 1628 1196 1684 pereas
1241 1610 1784 1685 importunissime,
1824 1610 1926 1683 qui
1969 1628 2066 1667 me

750 1693 1037 1752 Visumm
1079 1693 1369 1770 aequales
1415 1696 1616 1772 exigis
1660 1695 1803 1751 inde
1847 1695 2071 1753 domos.

665 1778 794 1851 Fis,
841 1777 1127 1852 Tithone,
1175 1798 1381 1838 senex.
1427 1778 1591 1837 Nam
1626 1799 1731 1838 cur
1768 1788 1891 1837 tam
1934 1798 2120 1837 -mane
2158 1778 2395 1856 fugasti

750 1866 1048 1922 Auroram
1097 1884 1130 1922 e
1179 1865 1408 1942 tepido,
1457 1865 1621 1923 lente
1666 1866 1904 1938 marite,
1950 1864 2125 1922 toro?

672 2033 903 2111 (077)
1208 2029 1334 2093 Νῦν
1385 2053 1488 2113 μοι
1528 2034 1711 2114 χαῖρε
1750 2028 1964 2111 λέγεις.

667 2118 848 2177 Nunc
889 2119 1038 2177 mihi
1083 2119 1256 2192 dicis,
1308 2119 1509 2192 Have,
1553 2126 1877 2196 postquam
1916 2126 2055 2175 tuus
2092 2117 2198 2175 ille
2236 2119 2445 2177 nitore

755 2206 1101 2263 Marmoreo
1147 2205 1348 2263 vultus
1393 2204 1605 2282 purior
1646 2203 1927 2261 obsoluit.

669 2288 850 2348 Nunc
893 2290 1041 2348 mihi
1084 2290 1383 2364 subrides,
1428 2298 1749 2367 postquam
1794 2288 1904 2346 tibi
1949 2296 2186 2365 tempus
2235 2287 2469 2346 ademit

757 2374 992 2435 Cervici
1036 2376 1244 2435 solitas
1288 2375 1603 2434 involitare
1650 2393 1871 2432 comas.

673 2459 835 2518 Hinc
873 2480 1067 2539 apage
1111 2481 1148 2519 a
1192 2462 1386 2520 nobis.
1428 2461 1617 2519 nobis
1659 2477 1973 2518 occurrere
2017 2457 2164 2516 noli.

755 2545 895 2604 Non
934 2548 1081 2604 mihi
1120 2567 1230 2623 pro
1277 2555 1487 2605 tenera
1530 2546 1711 2622 spina
1756 2543 2018 2621 legenda
2058 2561 2206 2602 rosa
2247 2550 2362 2601 est.

677 2711 913 2790 CUM)
1221 2709 1306 2774 Εἴ
1337 2735 1441 2795 μοι
1485 2712 1571 2780 τὶς
1617 2733 1691 2793 με
1676 2710 1941 2793 ’μψοιτο.

675 2795 742 2858 Si
781 2798 930 2856 vitio
978 2799 1123 2857 mihi
1171 2801 1306 2875 quis
1355 2800 1552 2872 vertit,
1599 2794 1756 2874 quod
1798 2816 2009 2857 servus
2054 2796 2296 2855 Amoris

756 2882 934 2956 Erro,
976 2884 1137 2957 quod
1179 2904 1358 2943 omne
1397 2843 1588 2944 oculis
1637 2903 1906 2961 aucupor
1947 2882 2216 2953 alitibus,

673 2967 786 3025 Ille
829 2968 1038 3026 Iovem
1085 2968 1257 3042 sciat,
1301 2988 1371 3027 ac
1417 2970 1646 3042 Ditem,
1692 2969 2145 3043 Dominamque
2183 2965 2504 3043 profundi,

761 3051 952 3114 Serva
993 3051 1330 3129 Cupidineo
1372 3055 1535 3113 colla
1576 3054 1817 3114 dedisse
1863 3054 2026 3130 iugo.

677 3137 744 3200 Si
787 3138 928 3211 tale,
976 3146 1153 3212 atque
1193 3139 1424 3197 homini
1464 3157 1656 3216 genus
1699 3148 1794 3198 est
1829 3136 2123 3196 imitabile
2161 3135 2415 3207 Divum,

758 3224 914 3284 Post
957 3224 1151 3295 divos,
1195 3223 1493 3300 quodnam
1542 3224 1767 3282 crimen
1813 3238 2017 3282 amare
2061 3239 2260 3278 meum
2307 3219 2448 3278 est?

1195 3440 1555 3519 mmmm
1610 3439 1983 3518 SBLBG'I'A.

1411 3595 1771 3677 Theognidis.

690 3675 734 3731 1-
822 3675 1118 3735 vinnam
1158 3695 1281 3755 nus,
1383 3699 1422 3747 gg
1558 3675 1791 3739 uicena
1839 3675 1995 3731 inter
2035 3673 2285 3731 adesse.

1150 3759 1163 3787 Τ
1567 3762 1615 3811 *ι’
1647 3772 1775 3819 sse
1819 3759 2011 3819 nefas
