2884 4650
344 711 416 770 Nisi
437 712 511 768 orba
533 710 609 770 lucis
629 710 747 769 viveres
772 711 950 787 salutisque,

345 795 498 854 Iniuriosa
517 795 660 853 servitute
679 797 878 872 praedonum,

346 880 404 953 Qui
425 880 597 938 nidulantur
616 881 778 939 Adriaticis
803 881 929 958 stagnis,

345 965 385 1023 Et
399 965 469 1023 inde
489 983 609 1041 semper
630 966 788 1024 imminent
806 985 903 1024 novae
925 966 1067 1041 praedae,

346 1050 484 1108 Thetidis
509 1057 645 1126 nepotes,
669 1060 699 1107 et
719 1049 857 1110 Salaciae
880 1052 970 1108 cives.

346 1135 416 1194 Heu
439 1134 652 1210 Spartacorum
673 1136 812 1194 traduces
835 1136 991 1192 venenati!

345 1220 415 1278 Heu
436 1219 657 1295 transfugarum
679 1228 721 1277 tot
742 1219 930 1296 propagines
947 1237 1062 1291 sacrae,

345 1307 385 1363 Et
404 1305 586 1380 perditorum
610 1322 698 1381 seges
719 1305 822 1362 adulta
840 1305 1009 1362 latronum!
1073 1314 1077 1324 “

347 1389 442 1464 Queis
465 1407 582 1446 summa
602 1388 669 1448 laus
691 1398 737 1448 est
756 1389 916 1465 possidere
938 1389 974 1446 de
997 1398 1094 1465 rapto,

345 1473 502 1532 Peculium
524 1473 636 1532 fecisse
660 1474 697 1530 de
719 1475 812 1547 malo,
835 1475 939 1532 virtus.

348 1559 480 1633 Quorum
492 1559 564 1616 urbs
581 1559 618 1616 ab
637 1559 708 1618 atris
725 1567 964 1634 quantacunque,
982 1577 1178 1634 quaecunque
1197 1568 1258 1632 est,

346 1642 483 1701 Isaurica
505 1643 678 1716 sodalitate,
701 1645 808 1720 piratis

348 1727 501 1787 Conflata:
526 1729 563 1785 ab
586 1729 659 1787 atris
683 1738 781 1802 aucta,
803 1730 868 1787 fota
891 1727 1010 1803 piratis,

346 1815 455 1890 Auget,
476 1813 619 1887 fovetque
643 1833 721 1871 nunc
742 1815 839 1871 amica
859 1812 991 1889 piratas:

347 1898 489 1956 Taberna
509 1897 644 1967 sceleris,
665 1899 787 1956 officina
799 1898 976 1975 Cyclopum,

347 1984 432 2041 Intus
453 1983 622 2042 recondens
645 1984 764 2059 copiam
786 1983 942 2060 improbae
962 1984 1082 2055 mercis,

347 2069 480 2143 Dolique
502 2087 623 2126 acervos
644 2070 809 2146 flagitiique
834 2069 1011 2133 thesauros:

346 2153 539 2230 Ergastulum
560 2153 685 2216 cruoris,
707 2163 737 2210 et
755 2172 947 2211 venenorum.

347 2238 409 2297 Ubi
431 2238 567 2294 maxima
586 2238 724 2294 mercede
748 2238 929 2314 sanguinum
953 2237 1044 2295 servit

347 2322 481 2399 Propola
501 2321 606 2395 toxici,
630 2322 753 2382 institor
771 2323 844 2381 mali
867 2321 962 2380 succi:

347 2408 426 2480 Tum
447 2408 582 2482 quisquis
607 2416 636 2465 et
653 2408 741 2481 clam,
764 2430 826 2467 non
847 2408 947 2483 palam
966 2407 1053 2467 nefas
1075 2410 1176 2482 audet,
1282 2454 1286 2461 .

349 2491 554 2569 Sicariusque,
577 2494 628 2567 qui
645 2494 747 2570 palam
770 2494 856 2552 nefas
880 2493 978 2559 audet.

348 2576 428 2635 Nam
446 2577 531 2635 lictor
548 2579 658 2650 audax,
680 2580 878 2656 publicasque
900 2586 1062 2655 grassator,

349 2661 484 2737 Cumque
504 2663 626 2722 horrido
648 2664 761 2723 lanista
778 2663 968 2740 spiculatore,

350 2747 445 2822 Turpi
466 2746 525 2803 fide
547 2758 718 2807 auctoratus
741 2758 771 2806 et
793 2756 991 2817 sacramento,

350 2830 575 2907 Stipendiorum
597 2852 651 2909 spe
671 2834 815 2907 superbit,
840 2841 870 2889 et
889 2833 980 2889 sumit

348 2919 376 2975 A
396 2916 518 2973 crimine
539 2918 668 2989 animos,
690 2937 708 2974 a
729 2917 852 2975 licentia
872 2917 993 2974 ferrum.

349 3001 409 3061 Ubi
428 3000 586 3076 peierator,
608 3010 696 3076 atque
716 3003 854 3060 funerum
877 3020 1031 3078 manceps,

350 3086 489 3161 Sociique
511 3086 617 3161 capitis
642 3095 731 3163 atque
753 3088 908 3164 sanguinis
934 3095 1034 3145 sector

350 3171 444 3245 Civis,
462 3190 581 3229 suorum
606 3172 692 3230 triste
712 3174 881 3250 praestinat
901 3173 994 3229 letum

349 3257 534 3331 Quocunque
553 3257 663 3332 pretio,
689 3265 759 3332 quot
779 3258 881 3329 licent,
904 3258 1079 3315 amicorum.

350 3340 407 3400 Cui
429 3343 513 3400 nulla
528 3342 606 3399 iusto
629 3340 709 3412 ‘urbs
724 3344 821 3400 Marte
846 3342 948 3414 cessit,
967 3349 1019 3399 aut
1039 3342 1133 3400 bello:

350 3424 411 3485 Sed
434 3427 515 3502 quali
539 3427 637 3484 ahena
659 3428 791 3486 claustra
812 3428 993 3485 moliebatur

349 3513 434 3583 Arte,
457 3520 487 3569 et
508 3531 592 3571 seras
611 3512 772 3589 Philippus
793 3512 921 3585 urbium,
946 3521 975 3569 et
994 3521 1106 3570 vectes.

350 3594 417 3652 Hac
438 3606 562 3673 propter
582 3598 652 3674 ipso
676 3604 722 3657 est
742 3597 773 3655 in
795 3597 871 3654 mari
894 3599 963 3670 sita,
984 3607 1018 3656 ut
1039 3616 1164 3674 magnas

349 3680 488 3738 Pisoetur
507 3683 599 3742 urbes
619 3683 749 3758 undique
770 3684 862 3740 aur'eo
883 3683 949 3740 reti.
1037 3741 1039 3747 ,

394 3765 420 3825 Ο
443 3765 533 3838 Diva,
556 3788 625 3825 nam
647 3788 724 3844 quac
747 3767 901 3826 vorticosa
919 3768 1106 3843 tempestas?
