2884 4650
622 520 771 615 Q

238 688 338 764 Ripae
361 687 415 746 sed
434 687 513 747 alios
535 699 623 762 atquc
646 688 806 749 Teuchiris
824 690 899 768 iugc
956 746 960 753 ,

238 772 347 830 Vicina
365 773 490 842 flebunt,
514 772 615 831 littore
637 774 752 832 eiectos
774 775 879 849 procul

237 856 370 916 Atlantis
394 858 431 914 ad
456 857 577 915 deserta
600 858 763 930 territoria,

237 942 383 1001 Membris
405 950 566 1000 nocentum
589 943 761 1003 lancinatos
782 945 979 1021 fragminum:

237 1029 376 1103 Mopsum
399 1025 609 1085 Titaeroneum
633 1029 684 1085 ubi
710 1029 782 1087 olim
801 1029 923 1087 navitae

237 1112 334 1171 Busto
355 1112 491 1169 indidere
512 1120 673 1185 mortuum,
695 1126 726 1171 et
745 1115 833 1171 busto
856 1132 949 1191 super

239 1196 380 1258 Statuere
403 1198 524 1273 cippum
545 1197 702 1256 funebrem
724 1201 846 1275 Argoae
864 1200 959 1259 trabis

238 1282 416 1340 Transtrum
438 1282 600 1355 revulsum,
623 1283 754 1342 manium
778 1284 946 1357 donarium,

237 1368 376 1443 Ausigda
398 1365 596 1443 Oinnypbaea
619 1369 697 1441 quod
719 1370 823 1445 rigans
846 1388 924 1445 aqua

236 1451 393 1511 Fecundat
412 1452 510 1510 undis.
530 1462 579 1511 ast
597 1452 717 1511 alumno
739 1452 835 1511 Nerei

238 1537 356 1594 Tritoni
382 1534 504 1595 Colchis
527 1556 635 1596 munus
662 1558 740 1596 uxor
762 1538 879 1610 obtulit,

237 1623 339 1680 Lurac
360 1621 479 1697 capacis
500 1642 622 1681 aureum
643 1624 841 1695 carchesiom,

236 1706 301 1765 Iter
321 1706 440 1765 docenti
461 1726 520 1781 qua
542 1716 762 1785 perangustas
783 1709 853 1766 freti

236 1792 382 1849 Immittat
405 1810 473 1851 aras
497 1792 614 1869 Tiphys
636 1793 819 1853 incolumem
840 1800 944 1851 ratem.

236 1878 277 1936 Et
298 1877 364 1934 iura
385 1876 521 1936 Graecos
543 1878 664 1937 Africae
687 1897 848 1953 capessere

236 1962 409 2039 Pontigena
428 1969 499 2020 tune
519 1962 659 2021 biformis
681 1971 799 2021 asseret
819 1963 905 2032 deus,

237 2046 314 2106 Cum
335 2066 443 2105 munus
469 2046 500 2104 id
514 2048 601 2123 plebs
618 2047 758 2106 offerens
774 2047 956 2123 reciprocum

236 2132 370 2209 Libyssa
393 2131 541 2205 Graecae,
562 2133 679 2209 patriae
702 2140 877 2207 exemptum
899 2130 996 2189 dabit:

236 2219 379 2292 Metuque
402 2218 457 2274 fati
478 2236 586 2277 munus
607 2219 762 2293 Asbystae
784 2217 883 2275 infera

237 2302 370 2362 TellurIs
394 2304 500 2361 umbra
521 2305 625 2364 subter
643 2303 780 2381 ignotum
801 2304 938 2374 obruent,

236 2389 298 2448 Ubi
320 2390 424 2446 ducem
445 2389 644 2448 miserrimum
667 2389 883 2466 Cyphensium,

235 2473 414 2548 Nautasque
438 2474 477 2532 ad
494 2494 586 2533 unum
609 2476 703 2533 flabra
725 2473 864 2532 Volturni
883 2480 1016 2549 egerent,

235 2559 277 2620 Et
299 2578 339 2616 ex
357 2558 491 2636 Palytris
514 2560 608 2617 filium
630 2559 868 2629 Tenthredonis,

235 2644 509 2720 Amphrysiensem
529 2645 697 2722 principem
717 2643 946 2721 Euryampium,

235 2730 277 2788 Et
297 2729 470 2805 optimatem
493 2730 701 2806 saxicorporis
723 2729 786 2804 lupi

236 2813 397 2872 Donorum
420 2815 554 2887 edacem,
578 2824 607 2872 et
630 2815 769 2872 culminis
791 2811 1008 2890 Tympbrestii.
1070 2865 1082 2880 Ι

236 2897 373 2971 Quorum
392 2899 512 2973 quidem
535 2905 707 2976 Aegoneam
730 2900 783 2956 alii
804 2899 930 2974 patriam

235 2983 456 3043 Desiderantes
477 2992 566 3058 atque
587 2985 736 3044 Echinum
759 2992 790 3042 et
810 2985 958 3056 Titarum,

235 3069 389 3144 Irumque,
410 3077 471 3128 tum
491 3069 654 3142 Trachina,
675 3079 738 3128 tum
757 3070 990 3130 Perrboebioam

236 3153 356 3214 Gonum
376 3154 616 3230 Phalanumque‚
645 3163 735 3230 atque
759 3155 940 3216 Olossorum
962 3154 1042 3225 sola,

234 3240 275 3298 Et
296 3227 499 3313 Castanaean,
519 3240 701 3317 insepultum
722 3241 754 3299 in
776 3241 901 3317 rupibus

235 3329 353 3383 Aevum
376 3326 525 3402 supremis
550 3325 741 3384 eiulabuntur
761 3325 860 3384 malis.

236 3408 288 3470 Sic
308 3410 390 3468 aliud
410 3410 462 3468 alii
482 3412 572 3470 funus
597 3412 741 3488 adiunget
758 3410 855 3481 Deus,

234 3494 322 3553 Dura
340 3508 410 3553 ante
430 3497 545 3556 reditus
566 3498 703 3556 excitans
728 3495 911 3554 discrimina.
1017 3530 1021 3538 ι

234 3580 327 3638 Illum
347 3582 457 3640 Aesari
478 3582 569 3654 unda,
592 3591 622 3640 et
642 3581 784 3658 oppidum
806 3575 984 3651 minutulum

236 3665 412 3738 Oenotriae,
433 3665 592 3738 Crimissa,
614 3667 702 3725 torris
724 3664 810 3722 noxii

235 3748 420 3811 Stinctorem
442 3747 576 3822 habebit,
597 3770 685 3826 quem
707 3747 867 3808 momordit
877 3754 1020 3891 parmena.
