2884 4650
569 567 719 662 ju·—

226 738 327 810 Atque
350 734 434 812 gravi
453 754 553 792 rerum
576 726 660 796 fasce
679 737 791 795 levare¹
804 755 917 796 senem.

181 822 224 883 Et
244 820 300 878 tibi
324 839 386 878 non
409 820 534 877 deerant
556 823 623 880 istis
646 823 722 881 satis
746 822 850 898 ampla
870 825 1010 900 gerendis

226 904 396 978 Praesidia,
418 913 448 962 et
467 913 607 980 poterant
626 909 702 965 haec
725 925 802 988 onus
827 926 897 966 esse
918 916 1010 968 tuum.

181 989 265 1050 Nam
283 989 339 1047 tibi
362 991 408 1048 vis
428 990 572 1065 prudens,
597 1000 626 1050 et
645 1011 747 1051 rerum
766 993 918 1053 maximus
940 1013 1026 1068 usus,

225 1075 267 1132 Et
288 1075 431 1152 gravibus
454 1075 533 1134 cun‘s
554 1078 626 1135 utile
644 1085 750 1153 pectus
772 1084 845 1136 erat.

181 1160 268 1236 Quas
288 1160 373 1218 dotes
395 1180 454 1218 uno
474 1161 583 1220 clausit
602 1181 680 1220 mors
704 1163 790 1239 nigra
810 1162 935 1235 feretro,

226 1248 271 1304 Ac
293 1263 395 1303 secum
417 1244 517 1304 Patris
539 1254 664 1321 votaque
685 1264 831 1323 spemque
853 1247 930 1305 tulit.

180 1333 225 1391 At
243 1349 312 1403 vos,
335 1350 352 1387 o
374 1348 525 1408 proceres,
549 1332 646 1405 caelo,
669 1331 721 1408 pia
742 1332 830 1389 turba
849 1341 981 1409 recepta,

225 1415 420 1490 Principibus
441 1416 548 1489 quibus
570 1426 618 1476 est
638 1415 730 1475 Curia
746 1424 829 1474 recta
847 1417 933 1491 viris,

181 1500 275 1559 Alma
298 1499 407 1575 quibus
429 1501 540 1577 pietas,
564 1510 593 1560 et
616 1501 861 1561 servantissimus
883 1503 972 1578 aequi

227 1583 355 1661 Semper
377 1604 462 1644 amor
482 1586 603 1644 facilem
623 1587 695 1644 fecit
716 1587 755 1644 ad
775 1594 859 1645 astra
878 1589 973 1646 viam:

180 1671 322 1746 Accipite
340 1670 418 1742 h'snc
441 1671 581 1730 animam.
605 1691 666 1730 non
690 1680 738 1732 est
757 1690 795 1728 ea
815 1673 939 1731 conscia
959 1671 1073 1748 culpae.

224 1756 391 1813 Immatura
410 1756 449 1813 ad
468 1776 524 1815 vos
550 1757 666 1814 venerit
685 1757 740 1814 illa
760 1757 841 1829 lieet,
951 1790 953 1794 ·

180 1841 328 1916 Accipite.
349 1840 386 1897 In
411 1842 499 1900 terris
519 1839 669 1920 magnum'
682 1861 788 1919 regere
808 1840 862 1898 illa
884 1839 1029 1901 Senatum

224 1925 347 1984 Debuit.
365 1924 397 1982 in
420 1945 529 2004 magno
556 1946 608 1986 vos
629 1934 715 2004 regat
735 1926 790 1983 illa
810 1925 894 2002 polo.

255 2095 284 2152 3.
329 2095 492 2172 Eptcedton
512 2095 632 2153 Heortci
657 2094 791 2153 Cuctanci
813 2094 957 2152 badonici
977 2097 1015 2154 F.

179 2179 360 2255 Quicunque
382 2180 546 2239 immensos
568 2180 681 2252 moliris
706 2188 806 2238 mente
824 2180 1006 2256 triumphos,

178 2265 307 2328 Absiste
330 2265 447 2324 insanis
470 2265 563 2342 (vana
583 2273 630 2324 est
651 2266 775 2343 fiducia)
798 2263 924 2342 caeptis.

178 2350 317 2425 Quisque
337 2370 408 2411 suas
431 2370 573 2429 urgemus
595 2370 685 2427 opes:
704 2370 760 2428 spe
784 2350 918 2408 maxima
938 2351 1018 2408 facta

177 2435 399 2511 Praecipimus.
422 2455 500 2495 mors
522 2444 588 2493 atra
607 2436 703 2513 nigris
725 2435 918 2493 circumvolat
936 2437 1005 2509 alis,

177 2522 220 2580 Et
240 2539 331 2579 cursu
353 2521 385 2579 in
406 2522 506 2579 medio
527 2528 595 2579 vota
615 2521 794 2596 imperfecta
813 2527 952 2578 moratur.

177 2606 226 2664 En
249 2606 336 2663 modo
358 2625 446 2681 quem
469 2606 606 2665 sublimis
628 2624 716 2681 apex,
737 2624 826 2682 quem
846 2605 928 2661 clara
948 2609 1091 2667 manebat

179 2690 301 2762 Gloria,
322 2691 372 2765 qui
394 2692 488 2769 gestis
510 2692 602 2749 modo
622 2691 725 2762 rebus,
749 2698 779 2747 et
798 2690 898 2747 indole
916 2691 1019 2767 'prima

179 2774 363 2835 Cunctorum
386 2776 486 2835 studia
505 2784 535 2834 et
557 2796 628 2853 spes
648 2776 830 2838 incendebat
849 2775 968 2849 inanes,

177 2861 337 2937 Exequias
360 2860 453 2919 fertur
472 2862 602 2934 iuvenis,
622 2860 824 2936 lacrimasque
845 2878 979 2934 suorum,

178 2947 218 3005 Et
239 2946 297 3003 fati
315 2946 458 3004 invidiam
484 2965 585 3005 secum
606 2946 704 3003 trahit.
727 2946 841 3021 Aspice
862 2955 973 3020 quanto

179 3031 325 3089 Defertur
345 3033 487 3090 comitum
505 3032 628 3109 gemitu,
650 3038 762 3106 quanto
786 3031 905 3107 agmine
926 3050 1066 3108 pompae.

180 3116 250 3174 Heu
269 3116 351 3174 bello
376 3125 556 3194 properatus
574 3117 685 3188 honos,
702 3124 732 3173 et
747 3117 871 3192 puberis
894 3118 962 3174 aevi
998 3159 1000 3163 -

180 3201 299 3260 Tristes
320 3201 487 3278 primitiael
516 3201 617 3259 Nimis
639 3199 788 3260 infaeliois
811 3202 919 3276 ephebi

179 3286 256 3345 Visa
275 3295 381 3361 potens
404 3288 509 3359 virtus,
533 3287 624 3343 vitam
643 3286 670 3344 si
688 3286 752 3343 fata
774 3286 936 3345 dedissent.

179 3370 271 3429 Nunc
290 3390 378 3447 quem
398 3392 466 3431 sera
488 3390 592 3430 senem
613 3371 742 3429 debebat
762 3372 866 3428 laurea
888 3366 984 3438 caelo,

180 3456 315 3515 Abstulit
337 3465 406 3514 ante
428 3458 519 3529 diem,
543 3474 599 3514 nec
618 3455 709 3533 longo
732 3465 867 3531 tempore
883 3453 992 3510 fortem

179 3541 280 3600 Passa
304 3541 364 3599 frui
383 3543 531 3615 iuvenem,
551 3560 627 3616 quos
649 3560 703 3617 spe
717 3544 963 3617 praesumpserat
980 3555 1085 3612 annos,

181 3629 225 3685 Ac
243 3626 364 3703 generis
386 3628 487 3687 titulos
508 3627 597 3685 claris
620 3626 786 3684 extendere
809 3623 908 3695 factis,

182 3710 216 3771 Si
234 3712 391 3787 proprium
415 3713 505 3771 decus
528 3714 586 3771 hoc
604 3711 775 3769 voluissent
795 3727 864 3767 esse
886 3727 1021 3781 severae,
1155 3770 1159 3775 ,

182 3795 267 3872 Quae
288 3796 366 3856 fusis
387 3798 537 3855 hominum
555 3788 736 3872 dispensant
756 3794 830 3867 fata,
853 3792 987 3855 Sorores.
1096 3820 1100 3845 =
1144 3802 1152 3833 ³

848 3891 893 3951 5.
