2884 4650
618 525 657 582 tr

180 693 249 752 Nec
271 693 373 752 Roma
393 691 511 750 Romae
535 709 673 770 compos,
697 695 753 752 sed
770 703 870 753 tamen
890 696 996 768 Roma,

182 776 244 838 Sed
262 778 361 836 Roma
382 795 459 851 quae
479 785 637 852 praestare
657 797 720 836 non
742 788 828 855 potes
847 781 986 853 Romam,

181 861 243 923 Sed
265 881 343 938 quae
365 861 479 919 foveris
501 862 618 934 fraude,
640 881 717 936 quae
738 865 822 922 foves
841 865 987 938 fraudem,

179 948 262 1008 Urbs
282 946 430 1024 prurienti
452 965 529 1022 quae
551 947 713 1005 obsoletior
734 959 844 1021 scorto,

179 1034 220 1092 Et
240 1032 374 1092 obsoleti
392 1051 473 1088 more
491 1033 630 1107 pruriens
654 1034 754 1104 scorti,

181 1117 267 1191 Quae
290 1135 389 1194 paene
410 1115 488 1174 victa
509 1116 593 1174 faece
615 1118 842 1193 prostitutarum

182 1203 227 1260 Te
254 1202 417 1279 prostituta
439 1200 534 1258 vincis
558 1211 587 1258 et
611 1211 693 1274 tuum
715 1203 796 1260 facto
817 1222 850 1261 es

182 1287 253 1345 Tibi
274 1287 403 1362 lupanar
423 1286 455 1343 in
478 1294 529 1360 tuo
548 1285 703 1362 lupanari:
742 1337 746 1342 .

181 1372 259 1430 Vale
279 1371 400 1447 pudoris
422 1371 493 1430 urbs
513 1370 613 1430 inanis
637 1381 667 1429 et
686 1373 771 1444 recti,

183 1457 241 1515 Tui
264 1457 392 1532 pudoris
413 1455 604 1529 nominisque
626 1457 790 1530 dococtrirq

185 1541 297 1619 Turpis
320 1541 411 1598 litura
431 1560 489 1598 non
514 1542 691 1598 merentium
714 1562 825 1612 rerum,

183 1627 289 1686 Ocella
315 1625 475 1700 quondam,
499 1644 578 1682 nunc
600 1626 709 1684 lacuna
729 1629 881 1698 fortunae,
899 1673 911 1690 „
966 1661 969 1666 -

182 1710 356 1788 Negotiosa
378 1718 474 1767 mater
495 1710 672 1784 otiosorum3

185 1796 261 1853 Vale
280 1795 424 1867 nefanda,
448 1803 654 1872 constuprata,
678 1805 827 1872 corrupta,

183 1882 305 1940 Incesta
324 1881 471 1938 caelibum
495 1877 655 1951 Quiritium
676 1899 821 1957 manceps

185 1963 414 2024 Contaminata:
435 1965 546 2040 quippe
569 1965 639 2038 quid
658 1972 729 2022 tuos
753 1966 843 2022 mirer

183 2051 293 2109 Putere
321 2069 433 2121 mores,
455 2049 574 2125 quaudo
597 2049 657 2106 vita
678 2050 865 2125 computret?

266 2163 293 2198 v.
313 2145 343 2194 P.
363 2143 503 2194 Oclomesii
522 2142 736 2209 operep.bt18]

244 2377 419 2457 Stlllllllll
443 2376 736 2455 uttontnstltn
763 2377 846 2454 stu
859 2376 1035 2456 lthllllll

526 2476 754 2553 blllltllltllll.

211 2651 234 2705 t.
280 2650 320 2704 In
349 2646 485 2721 Aeschyli
508 2646 705 2703 Prometheum
730 2664 751 2702 a
764 2645 810 2713 Q.
838 2644 919 2720 Sept.
941 2646 1078 2705 Floreat:

317 2729 478 2789 Christiano
500 2731 608 2788 Lanos
631 2749 797 2788 conversam
819 2731 970 2807 Proloqua.

185 2816 338 2873 Pacuvius
363 2833 432 2872 acer
454 2824 484 2873 et
504 2816 642 2873 Rudinus
665 2816 794 2886 Ennius,

186 2901 314 2975 Utrique
336 2919 467 2975 compar,
490 2902 555 2959 sive
577 2902 672 2958 maior
693 2900 810 2970 Attius3

185 2987 259 3060 Alii,
282 2993 418 3044 vetustas
443 2985 529 3043 docta
548 2986 576 3045 si
599 3005 674 3060 quos
694 2986 803 3043 extulit

187 3069 336 3143 Scaenae,
357 3070 486 3129 Latinas
507 3088 547 3127 ex
569 3072 659 3129 bonis
686 3070 814 3130 Graecis
837 3071 931 3129 bonas

187 3155 345 3232 Scripsere
367 3156 474 3232 grandi
496 3156 630 3214 oratione
649 3155 780 3214 fabulas.

187 3240 300 3299 Verum
319 3249 465 3299 venustas
489 3241 599 3313 omnis,
621 3242 719 3299 omnis
741 3242 839 3317 gratia

187 3324 396 3399 Grandiloqua
418 3326 550 3383 numeris
570 3326 670 3385 obsita
684 3326 852 3384 innumeris
867 3322 947 3399 perit

186 3413 285 3485 Atque
307 3409 480 3482 obsolescit,
502 3411 573 3469 dum
592 3412 732 3488 occupati
754 3411 786 3468 in
806 3411 895 3468 unica

187 3496 343 3555 Orationis
363 3504 461 3571 parte,
482 3506 627 3555 numeros
645 3495 812 3574 negligunt.

187 3578 300 3639 Contra
317 3579 430 3637 Poetae
454 3600 524 3639 sora
544 3600 617 3655 quos
642 3589 730 3652 aetas
750 3578 842 3648 dedit,

188 3665 302 3725 Omitto
323 3684 467 3740 quaerere
489 3684 528 3723 an
548 3666 675 3739 Poetae,
699 3685 738 3723 au
761 3662 880 3734 Musici,

186 3752 235 3809 Au
260 3750 441 3809 Musioorum
459 3758 595 3827 strepere
614 3747 838 3809 mendicabula:
