2884 4650
639 527 701 588 343

214 694 257 752 Et
278 693 398 751 tertium
419 693 520 770 ligone
535 693 718 754 ¹Thebarum
741 698 819 756 falas

215 779 343 838 Aheneo
368 778 559 838 demolientis
580 779 686 854 filium,

215 863 313 937 Quem
336 863 496 924 Strebulus
524 863 596 922 olim
621 863 740 924 Consus
763 867 836 944 agili
857 869 978 926 discidit

214 949 375 1007 Pilumnus
395 968 448 1005 ora
468 948 623 1026 dissipans
648 952 806 1024 sudaculo,

126 1106 129 1118 Ι
216 1034 346 1110 Quando
363 1040 483 1091 creatae
504 1033 605 1092 Nocte
626 1055 791 1112 germanos
812 1038 910 1114 patris

214 1119 265 1179 Ad
284 1139 376 1176 unum
397 1137 532 1176 amorem
551 1128 673 1178 mutuae
696 1131 853 1183 armarunt
871 1124 965 1180 necis.

214 1204 285 1263 Duo
307 1211 338 1261 at
361 1203 506 1263 scatentis
525 1205 564 1261 ad
585 1205 699 1263 fluenta
718 1207 843 1282 Pyrami

214 1289 351 1348 Deraeni
374 1296 500 1346 ovantes
524 1292 640 1367 vertagi
661 1292 713 1349 icti
734 1302 839 1352 mutua

214 1374 458 1451 Depraeliabunt
479 1375 571 1432 caede
592 1375 736 1434 barritum
758 1379 895 1436 ultimum

216 1457 342 1520 Subtele
362 1459 394 1516 in
415 1459 484 1535 ipso
506 1459 633 1536 virginis
655 1461 865 1540 Pamphyliae.

213 1544 365 1619 Altusque
386 1563 470 1601 rumo
493 1545 594 1603 sulcus
617 1546 649 1602 in
671 1548 838 1606 meditullio

216 1628 317 1690 Stabit
336 1631 495 1706 Megareus
516 1629 665 1706 cespitum
685 1626 857 1705 nitentium,

214 1715 259 1774 Ut
282 1734 320 1771 ne
339 1714 371 1771 in
392 1715 554 1791 profundis
574 1715 704 1774 inferum
727 1718 873 1778 sedilibus

217 1799 340 1858 Imbuta
360 1808 485 1856 cernant
506 1801 597 1858 busta
619 1802 762 1861 caedibus
787 1823 852 1862 sue.

215 1889 259 1943 At
279 1885 409 1960 quinque
435 1884 543 1941 dehinc
566 1883 735 1944 Cerastiam
760 1887 994 1963 inxVespariam

215 1970 257 2028 Et
273 1969 416 2028 bitientes
437 1967 615 2028 Satrachum
635 1978 665 2027 et
685 1969 804 2030 Silvani
825 1973 958 2044 humum,

215 2055 308 2112 quta
328 2055 494 2112 manebunt
512 2055 654 2112 Murtiam
677 2055 874 2115 Zerinthiam.

214 2139 304 2199 Unus
326 2139 462 2216 parentis
482 2138 609 2198 exulans
631 2141 775 2199 conviciis
841 2213 844 2218 ,

216 2224 347 2301 Cycbrei
366 2224 504 2283 cavernis
526 2224 695 2300 Bocarique
717 2227 851 2298 flumine,

214 2312 304 2376 Meus
329 2309 483 2382 sobrinus,
503 2317 537 2368 ut
553 2318 708 2386 peremtor
726 2313 819 2388 patrii

214 2395 309 2468 Pulli,
330 2396 456 2453 nothum
476 2416 659 2473 propagmen
684 2398 818 2456 et·labes
838 2390 958 2468 domus,

214 2481 345 2539 Rabiem
366 2482 517 2539 vomentis
541 2481 719 2540 bellicosam
743 2482 886 2552 ovilibus,

214 2566 296 2624 Ravi
318 2566 418 2624 leonis
443 2583 532 2640 quem
553 2566 622 2640 pilis
643 2559 772 2626 horrens
794 2568 871 2625 eutis

214 2650 314 2709 Runis
336 2652 459 2728 tegebat
477 2652 582 2709 aeneis
602 2652 791 2727 impervium,

216 2736 393 2795 Obnoxiam
415 2754 506 2793 unam
529 2736 734 2811 possidentem
757 2737 894 2797 semitam

214 2821 264 2880 Ad
284 2820 359 2893 fata,
380 2840 468 2896 quam
492 2822 603 2897 vagina
626 2821 745 2879 celabat
768 2821 911 2897 Scythae,
938 2848 942 2865 ι

215 2905 293 2965 Cum
316 2907 407 2965 durus
430 2906 558 2964 adolens
586 2924 673 2963 sacra
698 2905 830 2984 Oomyro
854 2907 902 2964 leo

215 2989 279 3051 Suo
301 2992 422 3069 parenti
440 2992 521 3067 fatris
544 2999 591 3048 est
614 2990 712 3049 claras
733 3011 850 3067 preces,
915 3012 922 3021 ⁸

214 3076 389 3135 Immussuli
413 3076 493 3134 ulnis
516 3077 689 3135 subrumum
711 3086 836 3154 gestans
863 3079 937 3137 suis.

213 3144 282 3219 Nec
301 3161 370 3238 ipse
391 3161 495 3219 credat
515 3162 574 3219 hoc
593 3180 718 3237 parens,
741 3164 823 3239 quod
843 3163 1004 3242 Lemnium

212 3245 342 3305 Fulmen
363 3247 466 3320 duelli,
488 3246 609 3305 nescius
633 3248 729 3321 turpis
753 3249 843 3326 fugae
1031 3246 1034 3252 ’

215 3330 288 3389 Trio
313 3331 454 3390 efferatus
476 3333 626 3407 hospitum
647 3332 851 3392 infensissimi

215 3416 349 3474 Traiecit
370 3418 410 3474 ile
430 3436 565 3489 munere,
590 3418 715 3476 urinans
740 3418 837 3476 ferum

216 3500 334 3563 Saltum
357 3503 486 3577 tepentis
509 3503 592 3561 ensis
616 3504 654 3559 ad
674 3511 968 3579 promtamnecemr·

208 3587 409 3663 ,Fratremqne
429 3587 584 3647 Trambeli
606 3586 658 3643 ille
680 3588 779 3661 patria
802 3584 911 3662 exigit,

215 3670 355 3749 Cognata
374 3674 469 3749 patris
492 3691 581 3749 quem
602 3672 684 3747 parit
705 3671 779 3729 nixu
802 3688 858 3729 suo

213 3756 340 3816 Donata
361 3758 473 3832 praeda
494 3757 617 3815 dirutori
638 3749 804 3827 mo'enium,
