2884 4650
313 706 488 786 Sllllltll
510 704 804 785 lrltnlltltlrl
823 730 864 782 er
885 704 1094 807 lntlelegia
1117 704 1225 784 Grae-

584 829 707 884 corum
733 803 958 903 [panacea]

314 974 384 1031 213
617 968 712 1051 llct'rpae
736 991 779 1037 τις
801 967 926 1053 βιότοιο.

313 1056 399 1131 Quod
420 1057 500 1117 vitae
519 1056 694 1115 insistemus
714 1058 783 1130 iter,
806 1057 834 1116 si
855 1057 949 1133 plena
968 1056 1097 1114 tumultu

354 1143 457 1202 Rebus
480 1148 511 1199 et
530 1140 684 1217 implicitis
702 1151 773 1201 sunt
791 1142 870 1215 fora,
892 1160 963 1199 cura
982 1141 1071 1199 domi.
1167 1184 1172 1191 .

310 1228 396 1287 Rura
414 1228 498 1285 labor
520 1226 631 1286 multus
658 1227 845 1285 circumstat:
867 1228 901 1285 in
921 1246 1055 1302 aequore
1075 1232 1185 1299 terror,

354 1314 399 1372 Ac
420 1329 557 1389 peregre,
580 1312 644 1370 sive
668 1331 700 1371 es
720 1312 817 1385 dives,
835 1313 947 1387 ubique
969 1310 1073 1382 times;
1128 1349 1134 1371 ι

312 1396 368 1458 Sin
388 1416 515 1474 pauper,
541 1416 669 1456 moeres.
690 1397 768 1456 vivis
788 1416 855 1455 cum
876 1396 1025 1473 coniuge?
1046 1394 1126 1455 curis

223 1477 225 1487 '
305 1518 309 1537 ι
353 1481 423 1541 Non
447 1481 608 1540 sinceris:
632 1482 694 1553 vita
714 1502 747 1541 es
770 1482 896 1555 caelibe,
919 1482 1002 1541 solus
1024 1482 1095 1540 eris.

310 1566 465 1631 Sollicitus
489 1585 556 1624 eum
576 1567 675 1643 prole3
698 1569 791 1627 orbus
814 1568 881 1625 sine
903 1567 1003 1643 prole:
1026 1568 1150 1626 iuventa

354 1649 502 1723 Consilio,
522 1652 578 1710 sed
597 1652 627 1710 vi
648 1671 725 1711 caua
747 1661 873 1711 senecta
896 1661 988 1709 caret.

311 1736 465 1795 Alterutra
485 1736 611 1795 istarum
635 1756 702 1797 sors
726 1738 843 1815 optima
864 1738 1005 1811 denique,
1027 1735 1077 1794 rel
1099 1753 1162 1795 nou

352 1819 460 1894 Nasci,
481 1822 530 1889 vel
553 1830 655 1881 natum
669 1823 722 1905 ,sic
747 1824 805 1881 cito
827 1822 911 1881 obir‘e
932 1823 1023 1892 diem,

313 2009 333 2047 α
344 1989 384 2049 38
616 1985 754 2057 Εὕκολος
769 1986 928 2071 Ἑρμείας.

311 2075 488 2144 Mercurius,
511 2076 607 2151 pueri,
631 2077 754 2135 minimo
775 2076 946 2155 placabilis.
970 2074 1029 2133 Ille

354 2160 458 2233 Lacte,
478 2161 528 2219 vel
548 2162 662 2239 agresti
682 2163 772 2220 melle
795 2162 898 2220 litatus
921 2160 987 2218 erit.

311 2244 384 2305 Nou
406 2245 450 2304 sic
467 2246 600 2305 Alcides.
622 2247 724 2320 Aries,
748 2255 800 2306 aut
821 2265 917 2326 agnus
940 2245 1061 2321 opimus

353 2330 508 2403 Poscitur;
528 2341 579 2390 aut
598 2333 700 2409 aliquo
721 2334 759 2391 de
778 2353 870 2412 grege
888 2333 969 2390 lecta
990 2349 1095 2408 pecus.

312 2415 414 2475 Dicis:
436 2419 476 2476 At
496 2417 549 2476 ille
568 2418 657 2494 lupos
678 2428 770 2477 arcet.
794 2419 881 2494 quasi
903 2417 1026 2489 referat,
1049 2423 1149 2474 utrum

354 2499 477 2575 Custos,
498 2523 576 2561 anne
596 2523 693 2582 rapax
713 2506 822 2582 perdat
837 2503 917 2562 ovile
937 2502 1037 2578 lupus.

313 2689 333 2729 α
345 2669 383 2728 43
615 2669 792 2754 Θαρσαλὲοι
809 2667 930 2732 Κελτοὶ.

311 2755 452 2814 Audaces
471 2754 576 2815 Celtae
594 2758 703 2819 Rheno
726 2760 789 2817 acri
810 2759 933 2818 flumine
954 2756 1084 2833 primum

241 2864 246 2872 ·
312 2839 486 2917 Exploraut
503 2855 607 2900 natos:
626 2863 725 2919 neque
747 2845 827 2902 enim
846 2852 933 2920 pater
954 2850 1025 2900 ante
1042 2848 1180 2915 vocatur,

312 2924 408 3000 Quam
430 2944 554 3001 puerum
575 2937 681 2986 sancta
701 2930 798 2988 lotum
820 2927 1015 3004 conspexerit
1032 2927 1122 2986 unda.

314 3112 334 3152 α
346 3095 384 3152 47
588 3089 672 3174 Μηδ’
688 3092 734 3155 ὅτ’
758 3092 806 3155 ἐπ’
828 3093 957 3176 ἀγκύρῃ.

313 3177 375 3240 Seu
394 3179 449 3236 tibi
467 3177 621 3236 fundatam
641 3181 768 3258 puppim
789 3188 872 3240 tenet
894 3183 1039 3254 anchora,
1063 3182 1129 3240 sive

355 3263 466 3322 Portus
489 3263 590 3337 habet,
613 3265 676 3324 noli
698 3267 833 3339 credere,
853 3274 956 3341 nauta,
978 3266 1064 3325 mari.

312 3349 359 3408 En
380 3356 470 3425 portu
490 3349 665 3409 submersus
686 3351 744 3408 lou
766 3352 860 3428 perit:
879 3352 932 3409 ille
954 3353 1084 3411 natando

356 3433 476 3492 Ducere
496 3453 556 3494 non
576 3435 673 3511 potuit
696 3437 821 3494 brachia
839 3438 941 3495 vincta
961 3457 1057 3497 mero.

314 3519 341 3580 0
362 3518 414 3592 qui
435 3537 510 3578 nare
531 3521 628 3594 vehis,
646 3531 749 3598 potum
769 3521 857 3599 fuge:
878 3530 988 3599 pontus
1010 3523 1152 3581 Iacchum

355 3602 524 3680 (Tyrrheni
538 3607 586 3666 ius
608 3607 668 3667 hoe
688 3607 858 3683 instituere)
878 3607 963 3686 fugit.
