2884 4650
557 513 708 606 *oq-

171 681 247 742 Non
272 683 350 741 bene
373 683 410 740 de
432 681 512 740 vitae
531 682 663 756 queritur
683 683 831 741 brevitate
853 682 993 756 caducae,

173 766 233 840 Qui
253 769 334 826 bene
356 767 497 839 confecit,
519 769 635 842 patriae
655 785 733 842 quos
752 766 856 830 debuit
876 786 983 828 annos.
1089 833 1090 838 ἵ
1135 797 1139 808 κ

172 851 242 912 Nos
267 853 419 923 meritum,
442 871 504 910 nou
527 853 614 926 ordo,
635 860 733 911 vocat.
763 844 937 910 Iustis'sima
959 855 1064 914 mortis

174 936 301 997 Caussa·
320 945 377 1009 est,
397 936 501 994 efferri
517 939 617 996 famae
639 955 762 996 rumore
784 936 928 994 secundo.

172 1022 328 1095 Viximus,
352 1029 382 1079 et
403 1029 510 1080 nostro
534 1023 632 1100 surgit
654 1023 692 1079 de
713 1022 819 1079 funere
839 1040 960 1079 nomen.

175 1108 224 1166 Tu
235 1125 366 1182 qnoque,
383 1125 454 1164 cara
467 1106 596 1180 Parens,
614 1107 736 1166 tumidis
755 1105 816 1163 iam
838 1125 930 1182 parce
945 1104 1086 1180 querelis.

174 1191 334 1250 Debemus
356 1193 472 1264 morbo,
495 1193 577 1267 quod
600 1210 708 1252 caecae
730 1191 923 1251 incommoda
944 1191 1035 1263 vitae,

176 1275 267 1349 Quod
286 1277 396 1334 dubios
416 1295 506 1336 casus
527 1277 671 1355 fugimus,
697 1276 779 1350 quod
798 1275 914 1334 lubrica
934 1295 1043 1334 rerum.

176 1360 245 1420 Nec
266 1379 349 1419 nunc
372 1361 502 1438 primum
524 1383 543 1420 a
563 1381 613 1420 me
631 1381 745 1420 nomen
766 1361 821 1418 tibi
841 1361 964 1438 contigit
985 1362 1087 1420 orbae.

177 1447 261 1522 Quot
281 1446 525 1524 gravibus-curis
546 1447 694 1519 dedimus,
726 1445 892 1520 studiisque
913 1446 1068 1506 Minervae

178 1531 239 1590 Tot
263 1532 321 1590 tibi
344 1531 499 1608 deperiere
521 1533 596 1605 dies.
622 1531 705 1589 Dum
728 1531 869 1603 viximus,
893 1533 966 1589 orba

177 1618 275 1676 Mater
299 1634 378 1674 eras.
400 1614 468 1674 Nec
490 1636 569 1678 nunc
591 1616 735 1691 rapimur,
756 1615 811 1674 sed
830 1617 995 1692 poscimur,
1007 1617 1087 1675 olim.

178 1701 262 1759 Idem
278 1720 328 1759 me
349 1703 470 1777 repetit,
491 1705 541 1777 qui
562 1721 610 1760 me
632 1701 687 1760 tibi
707 1700 829 1759 tradidit
849 1708 929 1760 ante.

179 1787 265 1859 Vive,
287 1786 365 1846 vale.
386 1796 528 1846 aeternus
550 1786 652 1864 signat
671 1786 745 1843 mibi
765 1785 880 1842 lumina
903 1805 1037 1846 somnus.

180 1871 269 1929 Talia
289 1872 359 1929 dum
381 1880 499 1948 perstat
521 1890 704 1943 memorans,
728 1878 758 1928 et
777 1869 894 1943 utrique
915 1872 1032 1946 parenti

179 1956 321 2033 Morigeri
344 1956 491 2021 alternum
513 1959 576 2015 nati
597 1952 723 2032 partitur
743 1972 888 2026 amorem,

179 2040 271 2099 Plura
293 2041 430 2100 locuturo
453 2043 587 2100 tenebris
610 2042 749 2100 velantur
771 2037 887 2097 obortis

180 2126 351 2186 Haerentes
376 2126 469 2185 oculi:
489 2148 550 2186 vox
573 2127 751 2202 imperfecta
768 2123 890 2197 reliquit

180 2212 314 2270 Affectus
334 2210 437 2270 dulces
452 2219 487 2270 ¹et
507 2213 601 2272 verba
621 2211 763 2292 vocantia
782 2216 918 2266 matrem.

181 2297 267 2373 Quae
290 2297 349 2354 fuit
368 2296 450 2357 illius
471 2296 611 2357 tirnestae
633 2295 732 2356 noctis
757 2295 866 2371 imago,
912 2319 927 2359 s

180 2382 248 2458 Qua
269 2380 323 2443 Sol
343 2381 512 2460 Belgarum.
527 2383 711 2460 pallentibus
734 2380 842 2438 occidit
859 2377 984 2449 umbris,

179 2468 300 2526 Excivit
322 2466 475 2540 lacrimas,
497 2468 675 2545 permiscuit
698 2464 801 2526 omnia
821 2462 923 2522 luctui
1069 2528 1072 2533 ¹

180 2551 278 2611 Unica
300 2569 357 2609 nec
379 2560 493 2610 tentum
515 2553 631 2611 vultum
655 2552 763 2610 domus
785 2549 883 2606 induit
901 2565 1006 2619 unum,

179 2635 282 2695 Induit
304 2644 335 2693 et
356 2645 439 2697 totus
458 2639 598 2715 lugubria
620 2635 776 2711 squalidus
797 2633 889 2694 orbis.

178 2722 216 2781 Et
239 2721 311 2797 quia
328 2741 395 2780 non
414 2723 514 2782 incisa
533 2730 634 2801 potest
654 2722 815 2779 adamante
838 2735 942 2776 severo

178 2806 292 2865 Ferrea
310 2806 464 2865 lanifieum
485 2816 658 2885 pervertere
680 2806 747 2864 iura
770 2802 932 2864 Sororum:

178 2892 281 2951 Edens
302 2892 440 2950 indomiti
460 2893 548 2970 signa
569 2893 650 2950 haud
671 2892 802 2950 obscura
823 2887 951 2965 doloris,

178 2976 382 3051 Testatusque
404 2985 496 3050 tuam,
517 2979 659 3036 iuvenum
679 2974 867 3046 doctissime,
889 2984 1013 3034 mortem

177 3058 334 3139 Explicuit
357 3061 457 3122 claros
480 3062 630 3119 elementa
651 3081 706 3139 per
729 3060 833 3117 omnia
853 3069 989 3132 questus.
1095 3100 1096 3105 κ

179 3146 223 3205 Te
244 3146 325 3205 Beni
349 3147 473 3223 patulae
497 3148 639 3205 viridanti
660 3144 795 3221 margine
817 3144 912 3219 ripae,

179 3231 224 3289 Te
243 3232 361 3309 Belgae
383 3234 494 3291 flevere
518 3233 612 3291 lacus.
636 3239 666 3289 te
685 3230 773 3289 dulce
796 3229 931 3305 Lyceum

178 3316 320 3393 Lugduni
339 3316 429 3374 viridi
450 3317 617 3376 studiorum
641 3321 800 3375 stemmate
825 3321 989 3389 comptum.

180 3401 291 3461 Omnia
308 3401 434 3460 laetifici
455 3402 528 3459 dant
547 3408 726 3479 argumenta
749 3398 866 3457 doloris

180 3484 345 3545 Coniurata
366 3487 426 3545 tuis
450 3487 569 3545 iunctas
591 3487 727 3545 conferre
744 3481 884 3559 querelas

177 3571 338 3646 Exeqniis,
363 3571 532 3645 iunctisque
555 3571 708 3631 lacessere
728 3566 901 3645 planctibus
928 3581 1029 3623 auras.

177 3656 285 3715 Invida
309 3674 406 3729 mors,
425 3656 506 3733 rapti
525 3659 730 3733 probrumque
754 3670 789 3709 ac
811 3650 923 3707 crimen
946 3648 1070 3727 ephebi:

178 3739 330 3815 Quantum
338 3748 414 3814 erat,
423 3749 457 3799 ut
464 3760 594 3802 nascens
607 3742 725 3800 sineres
733 3736 792 3795 hoc
805 3752 940 3795 crescere
951 3731 1094 3813 germen?
