2884 4650
773 549 833 606 1¹28

341 712 422 794 Ὀψὲ
444 710 526 772 θεῶν
549 709 698 774 ἀλέθουσι
722 710 824 794 μύλοι,
848 709 997 775 ἀλέθουσι
1020 711 1054 774 δὲ
1079 715 1186 778 λεπτοί.

345 800 430 868 Παῖς
453 817 506 878 μοι
525 795 696 878 τριτογενὴς
717 794 777 878 εἴη,
798 795 839 878 μὴ
861 793 1056 878 τριτογένεια.

345 879 465 963 Πέτραν
484 879 631 941 κοιλαίνει
653 881 737 963 ρανλς
761 880 872 947 ύδατος
894 879 1082 965 ἐνδελεχείη.

346 964 528 1046 Πνευσάσης
552 963 659 1047 ἑτέρας
683 963 779 1047 αὔρης
798 964 948 1048 χαίροντα
972 965 1090 1048 διαζῆν.

278 1083 282 1090 »
346 1050 456 1120 Πολλὰ
480 1050 515 1112 δὲ
535 1050 748 1131 μοχθήσαντες
771 1048 896 1110 ἐτώσιον
921 1049 1011 1132 ἐσμὲν
1036 1050 1163 1131 ὁμοίως.

346 1136 456 1204 Πολλά
478 1156 529 1195 κεν
551 1132 674 1214 εἰδείης,
697 1134 742 1200 οίς
761 1135 812 1195 καὶ
834 1135 906 1195 θεὸν
929 1133 1145 1214 ἐξαπατήσαις.

346 1218 456 1288 Πολλὰ
482 1218 578 1300 μάτην
602 1218 760 1298 κεράεσσιν
785 1217 816 1284 ἐς
836 1215 915 1301 ἠέρα
935 1217 1132 1300 θυμαίνοντα.

347 1302 457 1372 Πολλὰ
481 1301 592 1384 μεταξὺ
613 1300 702 1364 πέλει
725 1300 849 1369 κύλικος
865 1303 917 1362 καὶ
936 1303 1057 1385 χειλεος
1077 1301 1188 1386 ἄκρου.

347 1388 488 1455 Πολλάκι
507 1387 561 1447 καί
581 1407 628 1446 τοι
650 1387 755 1468 μωρὸς
777 1385 854 1468 ἀνὴρ
878 1387 960 1466 μάλα
983 1386 1098 1469 καίριον
1123 1387 1221 1450 εἶπεν.

347 1470 474 1538 Πολλὰς
499 1470 536 1552 δὴ
561 1470 665 1553 φιλίας
686 1472 897 1551 ἀπροσηγορίη
922 1470 1071 1532 διέλυσεν.

347 1556 467 1624 Πολλοὶ
491 1553 663 1700 ρουκένται,
687 1559 802 1643 παῦροι
824 1553 858 1616 δέ
879 1577 911 1616 τε
932 1559 987 1636 γῆς
1009 1555 1169 1660 ἀροτηρες.

348 1640 468 1707 Πολλοὶ
507 1661 521 1698 ν
542 1637 692 1721 Ἀρκαδίη
717 1639 934 1722 βαλανηφάγοι
953 1639 1063 1722 ἄνδρες
1086 1663 1166 1704 εασι.

348 1724 467 1791 Πολλοὶ
491 1721 662 1808 θριοβύλοι,
688 1727 803 1805 παῦροι
826 1722 859 1790 δέ
881 1745 914 1784 τε
937 1725 1057 1806 μάντιες
1079 1722 1200 1808 ἄνδρες.

349 1809 469 1874 Πολλοί
487 1830 534 1869 τοι
556 1804 798 1891 ναρθηκοφόροι,
821 1813 936 1891 παῦροι
958 1808 992 1870 δέ
1014 1831 1047 1870 τε
1069 1807 1193 1894 βάκχοι.

348 1894 480 1960 Πολλὼς
500 1898 542 1954 τώ
564 1888 705 1973 Βρασίδα
726 1891 930 1974 Λακεδαίμων
953 1891 1104 1976 κάρρονας
1128 1893 1225 1978 ἴσχει.

348 1976 682 2060 Πουλυμαθημοσύνης
700 1975 791 2038 οὐδὲν
808 1979 995 2059 κενεώτερον
1017 1975 1104 2039 ἄλλο.

349 2059 553 2129 Πουλύποδος
572 2057 698 2145 κεφαλῇ
711 2058 755 2122 ἔνι
775 2059 829 2143 μὲν
848 2062 953 2137 κακὸν,
978 2061 1008 2122 ἐν
1023 2062 1058 2123 δὲ
1073 2062 1123 2124 καὶ
1138 2061 1265 2126 ἐσθλύν.

349 2146 433 2229 Πρδς
455 2147 489 2208 τδ
516 2147 613 2228 παρδν
637 2145 675 2227 δὴ
701 2149 787 2226 μῆτις
808 2143 930 2213 ἀέξεται
952 2145 1154 2229 ἀνθρώποισι.

349 2229 423 2298 Πῶς
441 2230 498 2312 γὰρ
521 2229 663 2311 τοιαύτης
683 2228 816 2310 δύναμαι
836 2227 942 2311 θοίνης
964 2229 1155 2314 ἀπέχεσθαι;

349 2315 458 2399 Σειρὴν
481 2315 535 2397 μὲν
558 2315 647 2399 φιλον
668 2313 820 2395 ἀγγέλλει,
841 2312 937 2381 ξεῖνον
960 2315 995 2379 δὲ
1019 2315 1159 2379 υέλισσα.

349 2401 435 2465 Σύκα
459 2398 525 2484 φίλ’
551 2399 705 2483 ὀρνίθεσσι
730 2398 870 2483 φυτεύειν
895 2398 951 2461 οὐκ
973 2374 1126 2463 ἐθέλουσι.

350 2483 411 2549 Τάν
434 2484 544 2567 ἀρετὰν
564 2485 615 2547 καὶ
640 2484 693 2546 τάν
716 2484 827 2567 σοφίαν
851 2488 963 2547 νικάντι
984 2486 1132 2568 χελῶναι.

1023 2569 1031 2588 .

351 2567 482 2652 Τετράδι
503 2574 615 2653 κοῦρος
637 2567 751 2651 ἔγεντο,
773 2569 822 2631 καὶ
847 2568 966 2631 ούποκα
988 2592 1143 2650 πάγκακος
1167 2568 1280 2634 ἔσται.-

351 2650 400 2736 Τῇ
423 2654 478 2735 μὲν
503 2654 586 2737 ύδωρ
610 2652 718 2738 φορέει
741 2652 831 2735 δολίη
855 2652 933 2737 χερὶ,
962 2658 1001 2736 τη
1025 2652 1052 2715 δ’
1076 2652 1167 2737 ἑτέρη
1191 2660 1266 2741 πῦρ.

351 2734 414 2819 Τῆς
431 2742 532 2822 ψυχῆς
555 2739 662 2817 ἐστὶ[ν]
687 2738 813 2799 δουλεία
836 2740 1098 2819 γλωσσοκομεῖον.

352 2818 453 2885 Τίκτει
473 2845 520 2884 τοι
539 2822 635 2907 κούρη
660 2823 711 2885 καὶ
735 2822 806 2885 ὅταν
831 2823 924 2885 κακδν
945 2822 1032 2905 ἀνδρὶ
1054 2821 1178 2904 παρείη.

351 2902 405 2974 Τίς
423 2905 531 2989 πατέρ’
556 2906 684 2990 αἰνήσεί
708 2907 736 2967 εἰ
759 2907 800 2989 μὴ
822 2904 1034 2988 κακοδαίμονα
1052 2904 1159 2981 τέκνα;

352 2986 413 3053 Τὸν
439 2992 541 3053 σικυὸν
568 2994 722 3073 τρώγοισα
742 2990 828 3071 γύναι
850 2990 902 3053 τάν
925 2992 1055 3074 χλαῖναν
1078 2991 1199 3074 ύφαινε.

351 3072 432 3140 Τοδς
456 3074 599 3142 συνετούς
621 3073 656 3138 ἀν
678 3096 720 3141 τις
746 3074 862 3138 πείσειε
884 3074 1012 3179 τάχιστα
1033 3074 1131 3157 λέγων
1156 3072 1202 3137 εὗ.

351 3157 423 3245 Τρὶς
444 3160 472 3221 δ’
498 3158 764 3242 ἀπομαξαμένοισι
786 3158 855 3223 θεολ
879 3160 1013 3221 διδοασιν
1040 3157 1177 3241 ἄμεινον.

352 3242 421 3309 Τών
447 3246 584 3306 δυνατῶν
604 3267 632 3305 τι
653 3242 768 3307 κέλευ’.
794 3246 830 3307 οὐ
854 3244 910 3327 γὰρ
931 3245 1015 3327 πάρα
1030 3240 1149 3307 Κενταύ
1172 3266 1245 3307 οισι.

352 3326 421 3392 Των
445 3329 503 3393 εσθ
541 3350 595 3396 ους
615 3327 756 3396 ἐδίδαξαν
781 3329 924 3412 ἀριστερὰ
942 3330 1107 3411 γράμματα
1161 3332 1267 3392 ούσαι.

347 3412 454 3496 Ὑμεῖς
473 3413 504 3476 δ’
524 3415 639 3496 Αἰγιεῖς
662 3411 733 3474 ούτε
754 3414 857 3496 τρίτοι,
882 3412 953 3475 ούτε
975 3410 1122 3495 τέταρτοι.

346 3494 521 3561 ’Υπνώσσει
541 3499 570 3561 δ’
591 3497 662 3561 οὐδ’
687 3495 779 3559 ύσσον
806 3496 936 3581 ἀηδύνες
953 3496 1157 3559 ύπνώσσυυσι.

355 3581 505 3645 Φωκείών
528 3583 635 3668 μέχρις
657 3605 692 3645 κε
716 3580 793 3664 μένη
819 3582 913 3665 μέγας
934 3582 977 3643 εἰν
1007 3581 1057 3643 ἁλὶ
1080 3580 1206 3664 μύδρος.

353 3663 475 3747 Χειρών
499 3667 688 3751 ὀλλυμένων,
711 3663 793 3749 ἔρρει
815 3666 984 3748 πολύμητις
1001 3664 1131 3747 Ἀθήνη.

354 3747 460 3834 Χρειώ
481 3750 569 3813 πάντ’
589 3753 720 3822 ἐδιδαξε.
742 3750 771 3812 τί
790 3750 826 3812 ού
845 3752 941 3835 χρειώ
964 3771 1014 3813 κεν
1038 3748 1160 3832 ἀνεύροι
1168 3771 1178 3825 ;
