2884 4650
1229 499 1349 560 145

356 659 573 732 Ὅλὸις
616 664 886 749 χελιδών
936 685 1023 731 τις
1061 665 1276 749 πρόσω
1321 665 1593 750 σχοίνοις
1627 665 1827 747 πάρει.

356 743 470 812 “Ον
522 747 598 810 οὐ
640 747 856 833 τρέφει
898 745 1065 822 Κῶς,
1110 749 1253 812 οὐδ’
1302 747 1374 812 ἂν
1419 748 1726 830 Αἴγυπτος
1769 747 2003 833 τρέφοι.

362 832 578 899 Ὀναιό
626 833 687 915 γ’
736 833 908 896 ἁλσὶν
952 830 1023 894 ἂν
1072 833 1479 918 διασμηχθείς
1521 855 1692 895 ποτε.

358 917 544 986 Ὄνος
593 917 862 1001 βαδίζεις
901 919 987 985 εἰς
1029 915 1235 1003 ἄχυρα
1277 919 1574 1003 τράγημα
1605 918 1732 980 σόν.

359 1001 545 1071 Ὄνος
586 1001 779 1086 λύρας
818 1001 1075 1085 ἤκουσε,
1120 1003 1223 1065 καὶ
1271 1003 1600 1085 σάλπιγγος
1643 1000 1729 1070 ὗς.

356 1083 561 1152 Ὅπου
604 1088 693 1155 τὶς
730 1088 926 1168 ἀλγεῖ,
970 1091 1140 1151 κεῖσε
1181 1088 1284 1151 καὶ
1329 1087 1435 1169 τὴν
1480 1084 1648 1172 χεῖρ’
1690 1085 1840 1171 ἔχει.

365 1169 556 1256 Ὁρᾷς
584 1173 653 1235 τὸ
698 1171 844 1234 Δῖον
894 1171 965 1234 οὗ
1014 1171 1198 1258 βέλος
1238 1170 1544 1235 διέπτατο.

366 1253 555 1338 Ὀργὴ
605 1253 943 1340 φιλούντων
993 1259 1203 1340 μικρὸν
1250 1254 1452 1341 ἰσχύει
1491 1256 1736 1339 χρόνον.

357 1337 611 1424 Ὅρκοις
658 1341 769 1424 μὲν
814 1339 1059 1425 ἄνδρας,
1109 1341 1517 1423 ἀστραγάλοις
1561 1341 1628 1403 δὲ
1670 1339 1746 1403 τὰ
1788 1339 2020 1403 παιδία.

362 1421 649 1509 Ὄρνιθος
688 1424 850 1507 ὄρνις
892 1430 1025 1494 πῶς
1067 1424 1137 1488 ἂν
1178 1423 1429 1507 ἁγνεύοι
1474 1427 1725 1509 φαγών;

354 1505 470 1577 “Oc
511 1508 699 1577 αὐτὸς
740 1509 923 1572 αὑτὸν
967 1509 1080 1572 οὐκ
1126 1508 1279 1594 ἔχει,
1318 1508 1529 1593 Σάμον
1576 1508 1769 1572 θέλει.

356 1589 565 1662 Ὅστις
611 1593 710 1656 ἐπὶ
752 1594 995 1656 δεῖπνον
1042 1595 1160 1678 ὀψὲ
1202 1595 1455 1677 κληθεὶς
1497 1591 1764 1679 ἔρχεται,

449 1679 489 1760 ἢ
529 1676 747 1786 χωλός
791 1677 941 1754 ἐστ’,
985 1679 1023 1761 ἢ
1075 1678 1190 1741 οὐκ
1236 1678 1435 1742 ἔδωκε
1482 1679 1813 1762 συμβολάς.

365 1758 600 1846 Ὀσφυν
641 1765 978 1844 κατεαγὼς,
1014 1765 1172 1825 ὥστε
1212 1761 1457 1831 Μυσίας
1497 1763 1654 1830 ὄνος.

354 1841 493 1911 ‘'Ot'
540 1847 829 1929 ἀργύριον
873 1844 939 1931 ᾖ,
975 1848 1173 1910 πάντα
1188 1848 1320 1911 ’θεῖ
1358 1843 1745 1930 κᾴλαύνεται.

355 1927 543 1995 Ὅταν
592 1929 655 1993 δ’
704 1931 735 1995 6
779 1932 1013 2013 δαίμων
1060 1929 1131 1994 εὖ
1180 1933 1353 2017 διδῷ,
1391 1933 1450 1992 τί
1488 1933 1589 1994 δεῖ
1629 1930 1863 2034 φίλωνς

355 2011 492 2079 Ὅτ’
543 2014 823 2100 εὐτυχεῖς
867 2018 1152 2099 μάλιστα,
1202 2017 1282 2100 μὴ
1331 2015 1488 2099 μέγα
1530 2036 1764 2100 φρονει.

370 2095 459 2163 Οὖ
508 2100 709 2168 δεινὸς
752 2101 965 2178 εἰπεῖν,
1012 2102 1175 2163 ἀλλὰ
1228 2106 1395 2186 σιγᾷν
1444 2101 1763 2166 ἀδύνατος.

370 2179 457 2247 Οὐ
507 2186 763 2252 δυνατὸς
807 2183 978 2252 οἶκος
1014 2185 1103 2253 εἷς
1144 2186 1387 2269 τρέφειν
1429 2186 1616 2252 κύνας
1652 2182 1784 2245 δύο.

370 2266 458 2333 Οὐ
506 2268 816 2354 μέμφεται
859 2266 1271 2353 Κορινθίοισιν
1306 2269 1514 2334 Ἴλιον.

369 2349 456 2417 Οὐ
509 2355 619 2438 μία
661 2354 865 2439 λόχμη
913 2355 1180 2439 τρέφοιτ’
1228 2354 1297 2419 ἂν
1348 2356 1674 2439 ἐριθάκους
1713 2352 1845 2415 δύο.

369 2435 457 2502 Οὐ
502 2443 648 2507 παῖς
679 2438 1050 2524 Ἀχιλλέως,
1096 2440 1241 2503 ἀλλ’
1278 2440 1611 2525 Ἀχιλλεὺς
1657 2437 1840 2504 αὐτὸς
1883 2435 1958 2499 εἶ.

369 2521 456 2589 Οὐ
504 2525 731 2591 παντὸς
776 2525 998 2608 ἀνδρὸς
1042 2525 1128 2592 εἰς
1168 2522 1472 2608 Κόρινθον
1515 2522 1654 2587 ἔσθ’
1702 2523 1733 2583 6
1780 2524 1997 2609 πλοῦς.

368 2605 457 2673 Οὐ
506 2607 662 2692 πρός
701 2631 771 2690 γε
811 2608 1037 2676 παντός
1084 2608 1241 2671 ἐστιν
1284 2610 1541 2692 ἀρτῦσαι
1580 2609 1800 2673 καλῶς.

368 2691 456 2758 Οὐ
505 2692 735 2777 ῥᾳδίως
775 2692 888 2777 γὰρ
938 2691 1063 2755 ἔστ’
1115 2693 1442 2777 ἀληθεύων
1484 2691 1675 2761 Κίλιξ.

369 2777 456 2843 Οὐ
505 2777 812 2860 στήσομαι
861 2776 1061 2839 λέαιν’
1115 2778 1213 2839 ἐπὶ
1258 2777 1744 2861 τυροκνήστιδος.

368 2859 455 2927 Οὐ
504 2861 790 2925 τύπτεται
836 2860 895 2924 δ’
944 2863 975 2923 6
1016 2861 1305 2947 πρέσβυς,
1349 2861 1484 2925 οὐδ’
1537 2861 1860 2946 ὑβρίζεται.

254 2953 259 2958 ’
367 2943 456 3011 Οὐ
506 2944 896 3031 φεισόμεσθα
942 2948 1136 3009 τῶνδε
1185 2949 1437 3029 μᾶλλον,
1483 2947 1523 3029 ἢ
1571 2945 1792 3008 λύκων.

368 3030 519 3096 Οὐδ’
570 3029 754 3098 αὐτὸς
799 3029 973 3114 εὗρεν
1020 3031 1163 3093 ὁδὸν
1206 3029 1277 3094 ἂν
1319 3028 1764 3113 Ἐξηκεστίδης.

368 3114 520 3180 Οὐδ’
574 3115 636 3176 ἐν
672 3116 1041 3199 περιδείπνῳ
1076 3114 1229 3177 ποτέ
1272 3115 1331 3176 σ’
1378 3113 1761 3177 ἐπαινέσειαν
1809 3111 1902 3175 ἄν.

369 3198 590 3266 Οὐδεὶς
630 3199 1172 3283 διθυραμβοποιὸς,
1218 3200 1293 3282 ἣν
1342 3199 1507 3282 ὕδωρ
1550 3199 1681 3305 πίη.

369 3284 589 3351 Οὐδεὶς
632 3284 911 3366 δυσώνης
953 3284 1216 3367 χρηστὸν
1263 3284 1503 3368 ὀψωνεῖ
1538 3305 1741 3366 κρεας.

368 3367 589 3435 Οὐδεὶς
633 3365 805 3430 ἔθυσ’
856 3367 1146 3451 εὐεργέτῃ
1187 3367 1342 3451 πλὴν
1389 3366 1673 3451 Πυρρίας.

368 3449 589 3520 Οὐδεὶς
633 3451 911 3535 ἐραστὴς,
958 3452 1117 3519 ὅστις
1164 3453 1277 3514 οὐκ
1317 3453 1414 3514 ἀεὶ
1463 3454 1645 3533 φιλεῖ.

368 3534 591 3604 Οὐδεὶς
637 3537 927 3620 κομήτης,
976 3535 1136 3604 ὅστις
1179 3536 1251 3599 οὐ
1300 3536 1634 3619 ψηνίζεται.

369 3619 591 3688 Οὐδεὶς
632 3619 831 3704 κρέως
862 3619 1164 3705 παρόντος
1210 3620 1401 3683 ἐσθίει
1438 3618 1654 3699 θύμον.

369 3702 567 3768 Οὐδὲν
613 3707 727 3789 γάρ
771 3706 975 3788 ἐσμεν,
1025 3707 1182 3788 πλὴν
1235 3702 1550 3788 Ποσειδῶν
1598 3703 1701 3765 καὶ
1743 3701 1969 3788 σκάφη.

1698 3818 1774 3880 10
