2884 4650
711 514 863 611 ffi-

297 706 298 713 ¹
330 684 425 764 [(dl)
602 676 645 743 Τὸ
666 678 752 765 ξίφος
777 681 811 743 ἐκ
829 682 965 743 κολεοῖο.

327 770 421 831 Ensis
444 769 556 847 vagina
576 786 630 826 our
653 769 837 847 stringitur?
858 768 940 826 hond
961 776 994 826 nt
1015 769 1139 845 iniquus
1228 770 1235 780 “

373 854 438 915 Sim
458 854 585 913 Veneri:
608 853 713 912 adiuro
734 864 823 930 teque
842 861 986 929 tuumque
1009 862 1109 931 ceput

329 940 392 1001 Sed
407 942 535 999 Martem
558 947 601 1013 ut,
626 940 764 1013 quamvis
786 940 913 996 immoni
932 946 1067 1016 pectore,
1089 940 1177 998 noris
1231 942 1234 950 '

373 1024 437 1086 Sub
457 1024 587 1083 Veneris
609 1024 696 1082 molli
717 1042 834 1101 ponere
856 1024 937 1082 oolla
955 1024 1038 1101 iugo·
1073 1031 1079 1040 “

328 1112 393 1170 Iste
415 1110 475 1168 mei
494 1108 638 1167 desiderii
660 1117 707 1167 est
730 1116 843 1168 comes.
865 1108 956 1166 Haud
982 1126 1060 1185 opus
1081 1107 1144 1166 ullo

370 1196 428 1255 Est
447 1194 584 1272 speculo.
607 1193 698 1251 Hunc
719 1212 847 1253 versans
867 1193 991 1252 oonsulo
1015 1212 1136 1270 semper
1159 1212 1225 1270 ego.

327 1280 460 1339 Pulcher
477 1279 509 1335 in
530 1278 589 1335 hoe
607 1279 712 1337 videor
730 1280 813 1336 mihi.
836 1277 897 1339 Sed
920 1279 947 1337 si
968 1279 1092 1353 linquis,
1113 1279 1225 1351 οωίοο,

370 1364 436 1424 Nos
457 1364 554 1441 prius,
577 1363 626 1421 hio
652 1364 735 1423 ensis
757 1363 862 1422 induet
880 1364 921 1421 ile
940 1382 1050 1421 meum.

223 1551 226 1557 ·
330 1533 427 1609 t(62)
591 1525 645 1612 Τῷ
667 1535 776 1613 χρυσῷ
796 1529 848 1591 τὸν
867 1524 1000 1611 Ἔρωτα.

328 1622 412 1677 Auro
436 1617 617 1675 sollicitatur
638 1620 735 1675 Amor
755 1617 838 1675 mihi.
861 1616 943 1675 Nem
968 1635 1066 1692 neque
1087 1625 1191 1677 aratro

369 1702 517 1775 Possunt,
536 1722 592 1760 neo
619 1703 693 1761 duro
717 1703 809 1760 mella
830 1703 935 1781 ligone
957 1702 1027 1774 coli,

329 1787 391 1849 Sed
410 1788 592 1864 tempestive
612 1788 701 1846 verni
719 1788 751 1846 vi
762 1789 853 1847 roris.
875 1790 916 1846 At
934 1805 1040 1844 surum

371 1872 554 1934 Omnimode
573 1873 702 1931 Veneris
724 1872 825 1931 duleis
846 1873 939 1930 mella
959 1872 1038 1930 colit.

329 2043 428 2121 t(63)
597 2036 762 2123 Κιχλίζεις,
781 2037 988 2123 χρεμέτιομα.Ι

328 2127 459 2186 Hinnitu
476 2128 604 2186 Veneris
625 2127 793 2204 proludens
813 2126 896 2185 bella
917 2126 1061 2185 fritinnis.

370 2212 495 2272 Furtivo
519 2213 655 2270 adniotus
675 2212 808 2270 numine.
834 2219 941 2269 cuneta
963 2231 1078 2270 moves.

327 2298 464 2371 Frustra,
487 2297 566 2371 iuro,
590 2297 686 2357 oeulis
705 2305 736 2356 te
758 2316 820 2356 non
843 2297 976 2370 visurus,
999 2296 1097 2356 amori

370 2383 561 2442 Indomitum.
588 2383 722 2461 lapidem
743 2391 790 2441 ter
809 2401 927 2458 qnoque
948 2383 1016 2443 iuro
1039 2383 1154 2441 Iovem.

327 2469 413 2527 Lude
433 2469 497 2526 tibi.
520 2475 549 2525 te
572 2469 701 2528 suavioli
721 2475 924 2545 poppysmste
943 2469 1033 2525 dueta

275 2613 280 2628 ,
369 2553 448 2626 Illis,
470 2572 547 2628 quae
570 2555 645 2612 nulli
666 2555 748 2613 nuda
768 2553 881 2612 labello
906 2571 1000 2612 seres.

329 2721 424 2797 ζ(65)
490 2757 493 2772 «
592 2717 698 2782 Πᾶοαν
722 2719 783 2801 ἐγὼ
805 2719 859 2802 τὴν
882 2716 984 2780 νύκτα.

327 2806 408 2866 Tota
428 2806 502 2862 mihi
521 2805 554 2864 in
577 2807 689 2884 gemitu
712 2828 776 2866 nox
790 2807 925 2867 vertitur.
944 2804 1002 2865 nst
1022 2806 1076 2864 ubi·
1093 2804 1179 2863 venit

369 2891 457 2950 Dans
480 2890 636 2948 minimum
656 2893 732 2950 mihi
754 2893 809 2951 lux
830 2894 928 2969 prima
947 2891 1048 2966 quiete
1073 2889 1145 2962 frui,
1227 2893 1232 2898 “

327 2976 448 3037 circum
468 2993 581 3050 perque
603 2983 757 3052 strepente
775 2979 903 3036 citamur
917 2977 1088 3034 hirundine.
1111 2991 1244 3034 somnos

367 3063 573 3137 Abrumpens,
592 3059 734 3120 lacrimas
757 3063 887 3141 integrat
906 3062 960 3120 ille
980 3062 1063 3119 mihi.

326 3147 406 3224 Quid
427 3146 501 3204 mihi
521 3145 680 3203 vobiscum
703 3147 770 3205 esti
794 3148 934 3208 absistite
956 3147 1078 3224 garrulo
1099 3147 1199 3212 turbs.

367 3232 453 3305 Non,
473 3230 654 3303 Philomela,
677 3232 752 3289 mihi
771 3232 876 3310 lingua
897 3239 1016 3291 resecto
1037 3240 1089 3290 tue
1111 3238 1167 3290 est.

324 3317 410 3378 Flete
433 3317 535 3394 Itylon
560 3316 642 3375 duris
662 3315 695 3373 in
716 3318 882 3390 montibus,
905 3325 994 3392 atque
1016 3317 1132 3389 sedete,

342 3445 345 3453 ·
368 3403 553 3480 Scruposam
577 3408 680 3459 cautes
703 3420 764 3477 qua
779 3403 863 3460 dabit
881 3401 1099 3474 eltadomum,

324 3486 467 3546 Dormire
484 3496 517 3545 nt
537 3488 637 3546 liceat.
662 3484 833 3564 Surrepens
856 3488 936 3547 forte
957 3485 1158 3545 Rhodanthes

367 3573 583 3648 Amplexsndu
605 3571 679 3630 mihi
698 3573 832 3646 brachia,
856 3571 978 3645 Somne,
1000 3571 1098 3630 dabis.
1206 3584 1210 3592 ·

1350 3254 1352 3393 l
