2884 4650
727 544 878 640 Α

346 705 464 791 Μηδεὶς
483 708 601 791 γένοιτο
625 706 800 793 Μεχαράιον
825 712 1011 793 σοφώτερος.

346 789 453 876 Μηδὲν
478 792 546 876 μέγ’
568 792 667 876 εἴπῃς,
688 795 756 878 πρὶν
777 795 993 876 τελευτήσαντ’
1017 793 1096 878 ίδής.

347 873 414 939 Μία
435 879 568 962 χελιδών
591 875 727 961 σῦκ’ἔαρ
751 877 828 962 μόνη
850 881 942 940 ποιεῖ.

347 959 448 1029 Μίδας
469 961 526 1046 γὰρ
549 961 580 1023 ἐν
603 961 738 1046 κόβοισιν
761 964 984 1049 εόβολώτατος.

346 1045 450 1132 Μικρά
473 1047 508 1108 δὲ
525 1045 680 1130 πρόφασίς
701 1046 764 1108 ἐστι
785 1052 840 1110 τοῦ
859 1047 972 1131 πρᾶξαι
991 1050 1103 1116 κακῶς.

347 1131 476 1216 Μικροῖς
499 1131 553 1213 μὲν
578 1128 759 1211 αόλίσκοισι,
783 1132 931 1216 φορβείας
954 1129 982 1194 δ’
1006 1129 1087 1214 άτερ.

347 1214 465 1300 Μικρός
482 1237 518 1297 γε
539 1219 635 1297 μῆκος
658 1213 758 1291 οῦτος,
783 1217 854 1279 ἀλλ’
880 1215 961 1283 ἅπας
982 1214 1083 1284 κακός.

348 1298 454 1382 Μόνης
476 1299 528 1361 ἐπ’
552 1298 655 1381 αόής,
679 1299 813 1384 ἀχκόρας
837 1299 1018 1382 σαλεύομεν.

348 1382 544 1466 Μωμήσεταί
562 1405 605 1450 τις
624 1383 745 1460 θᾶττον,
766 1386 785 1468 ἢ
810 1385 982 1469 μιμήσεται.

348 1466 469 1551 Μῶμος
493 1469 528 1530 δὲ
549 1465 643 1541 πάνθ’
669 1470 750 1551 ὁρῶν
773 1471 884 1539 Ιἑαυτὸν
907 1467 966 1552 οὐχ
988 1471 1056 1553 όρρῖ.

348 1549 447 1636 Νέμει
468 1552 606 1619 πολίταις
627 1552 761 1635 μητέρας
779 1551 988 1636 Πολυκράτης.

345 1633 384 1700 ‘O
409 1637 541 1721 βάσανος
560 1635 658 1720 ἥδους
681 1636 759 1699 ἐστὶν
778 1637 949 1721 ἀνθρώπου
968 1637 1089 1721 χρόνος.

344 1717 384 1784 Ὁ
408 1720 550 1804 δεότερος
569 1723 666 1788 πλοῦς
689 1721 752 1784 ἐστὶ
776 1723 875 1806 δήπου
898 1720 1072 1804 λεγόμενος,
1139 1799 1141 1804 ¹

392 1804 428 1867 ἀν
453 1807 594 1890 ἀποτύχῃ
617 1805 660 1872 τὶς
679 1806 861 1889 πνεύματος,
882 1806 1015 1868 κώπαισι
1035 1808 1134 1873 πλεῖν.

345 1888 384 1955 Ὁ
407 1888 486 1958 Ζεὺς
507 1891 630 1953 κατεῖδε
651 1889 776 1974 χρόνιος
798 1892 841 1958 εἰς
861 1889 915 1956 τὰς
938 1889 1095 1973 διφθέρας.

346 1973 384 2041 Ὁ
408 1974 499 2057 λόχος
520 1977 536 2038 ό
556 1977 678 2058 τρώσας
696 1975 788 2043 αὐτὸς
808 1973 874 2037 ἔστ’
900 1975 1039 2056 ἰώμενος.

346 2059 384 2125 ‘O
409 2059 463 2143 μὲν
489 2057 667 2143 έΕυφαίνεδ’
694 2060 784 2137 ἱστὸς,
806 2061 822 2122 ό
847 2059 881 2121 δὲ
901 2059 1045 2128 διάζεται.

346 2144 384 2211 Ὁ
405 2148 477 2212 νοῦς
494 2145 551 2228 γάρ
576 2144 638 2206 ἐστι
660 2148 713 2226 τῆς
733 2143 886 2227 τραπέζης
909 2143 1047 2226 πλησίον.

346 2228 384 2294 ‘O
407 2233 458 2290 νῦν
478 2230 531 2311 μὲν
554 2227 666 2302 οὐδεὶς.
691 2227 796 2312 αὔριον
822 2228 852 2289 δ’
875 2226 1057 2310 όπερμέχας.
1091 2245 1095 2254 “

346 2311 384 2379 Ὁ
408 2312 511 2376 πολλὰ
531 2312 658 2395 κλέψας,
683 2313 772 2395 ὀλίγα
793 2312 865 2381 δοὺς
888 2310 1076 2397 ἐκφεύξεται.

346 2396 384 2463 Ὁ
409 2401 505 2482 σορδς
525 2399 556 2460 ἐν
577 2399 661 2483 αὑτῷ
680 2397 840 2483 περιφέρει
854 2398 914 2479 ,τὴν
933 2396 1049 2459 οὐσίαν.

345 2481 385 2548 Ὁ
406 2483 498 2545 τόπον
521 2483 656 2569 ἀμείβων
681 2483 738 2545 οῦκ
757 2483 878 2567 ἀμείβει
898 2484 949 2545 τδν
970 2480 1093 2565 τρόπον.

347 2564 445 2631 Ὁδοῦ
465 2568 624 2652 παροόσης
643 2568 777 2649 ἀτραπὸν
802 2571 901 2650 ζητεῖν
923 2567 1031 2633 δοκεῖς.

349 2650 490 2733 Ὄζῦιμεν
512 2654 630 2736 ἀνδρῶν
652 2652 784 2722 αότόδαξ
805 2651 1012 2735 ὠργισμένων.
1113 2689 1115 2694 ·

353 2736 391 2803 Οἱ
416 2736 469 2817 μὲν
492 2737 549 2819 γὰρ
571 2736 675 2799 οὐκέτ’
700 2738 790 2800 είσὶν·
816 2738 846 2799 οί
868 2736 898 2799 δ)
920 2734 1004 2802 όντες
1026 2736 1124 2798 κακοί.

352 2820 391 2887 Οἱ
414 2820 467 2901 μὲν
492 2819 570 2901 πάρ’
595 2820 686 2884 οὐδέν
710 2823 796 2895 εἰσιν,
819 2822 864 2889 οἷς
888 2819 918 2883 δ’
943 2818 1034 2881 οὐδὲν
1057 2818 1155 2901 μέλει.

353 2904 469 2988 Οἵαπερ
493 2905 513 2966 ἁ
537 2903 695 2985 δέσποινα,
714 2904 856 2969 τοῖάδόἰ
879 2904 971 2967 κόων.

353 2986 428 3055 Οἶδέ
452 3011 485 3051 τε
507 2986 629 3051 Πυλαία
651 2995 758 3069 ταῦτα,
780 2990 831 3053 καὶ
854 2986 1015 3071 Τεττιχίαςι
1118 3063 1119 3069 ρ

353 3073 455 3141 Οίκεῖς
478 3072 649 3150 θάλασσαν,
672 3072 804 3153 Γλαῦκε,
827 3079 880 3157 τῆς
901 3072 980 3141 πόας
1005 3077 1123 3156 φαγών.
1180 3114 1182 3117 -

353 3156 441 3225 Οίκοι
458 3156 592 3232 λέοντες,
615 3157 646 3219 ἐν
669 3160 754 3242 μάχη
777 3159 806 3221 δ’
829 3159 997 3225 ἀλώπεκες.

352 3242 440 3309 Οίκοι
461 3240 562 3326 μένειν
587 3243 636 3304 δεῖ
652 3244 702 3304 τὸν
725 3245 828 3311 καλῶς
850 3243 1029 3325 εὐδαίμονα.

353 3326 441 3393 Οίκοι
463 3327 500 3390 τὰ
521 3324 685 3410 Μιλήσεια.
711 3328 751 3410 μή
772 3326 828 3411 γάρ
844 3326 973 3390 λένδάδε.

353 3410 448 3477 Οίνου
468 3414 503 3476 δὲ
523 3411 563 3494 μὴ
587 3410 738 3494 παρόντος
760 3412 816 3473 οῦκ
837 3411 899 3473 ἐστὶ
920 3410 1045 3494 Κύπρις.

354 3494 447 3561 Οἴνου
467 3495 624 3564 κατιόντος
645 3494 840 3559 ἐπιπλέουσιν
863 3498 892 3559 οἱ
913 3496 1008 3577 λόχοι.

354 3578 436 3664 Οίνιρ
454 3583 505 3644 τὸν
526 3580 618 3658 οἶνον,
639 3582 793 3665 κραιπάλη
817 3582 870 3665 τήν
890 3581 1071 3664 κραιπάλην.

355 3663 429 3732 Οίος
451 3663 584 3727 δεδιέναι
604 3668 712 3743 πάντα,
733 3664 787 3750 κᾷν
808 3690 835 3727 τι
860 3670 916 3748 μῦς
937 3666 1037 3749 ψοφή.

283 3764 294 3783 ·
357 3747 422 3835 Οἵιρ
445 3772 484 3832 με
504 3750 621 3833 δαίμων
643 3750 745 3835 τέρατι
768 3749 1009 3833 συχκατείρξατο.
