2884 4650
680 537 831 632 ..ffl-

302 705 387 767 Sero
401 713 557 780 parentem
576 712 606 761 te
625 703 723 764 fuisse
745 705 869 782 cogitas.

301 789 398 864 Quem
416 809 478 848 non
498 790 610 846 habere
631 788 786 850 sentiebas
808 798 837 847 te
859 790 954 866 prius,

301 874 477 934 Amissione
497 874 525 932 is
547 873 647 932 carior
668 874 766 933 factus
788 875 844 933 tibi
866 883 922 934 est.

302 959 393 1036 Quod
416 959 494 1020 siin
517 958 655 1017 dolorem
675 958 720 1016 nil
741 959 829 1017 amici
850 979 1015 1036 possumus

300 1049 363 1105 Aut
382 1044 571 1118 alloquendo,
594 1052 646 1101 aut
666 1044 863 1120 increpando:
885 1052 917 1102 at
936 1063 1044 1104 aureus

301 1131 376 1189 Flos
399 1129 573 1200 liberorum,
597 1129 649 1204 qui
670 1137 827 1204 superstes
850 1137 1047 1203 mortuaest,

302 1214 513 1288 Quotidianam
533 1213 635 1270 demat
654 1213 883 1290 aegrimoniam.
929 1231 945 1270 e

248 1311 251 1316 '
302 1298 421 1359 Gnatus
441 1298 600 1374 ademptos
623 1298 673 1372 qui
692 1298 783 1358 nimis
805 1300 968 1372 desiderat,

302 1384 472 1443 Iniuriosus
495 1383 527 1440 in
548 1382 671 1442 relictos
692 1391 740 1442 est
761 1391 857 1459 pater.

306 1553 355 1612 14.
399 1553 486 1628 Quae
506 1572 566 1610 non
589 1552 762 1626 relinquunt
783 1552 918 1628 corporis
942 1553 1080 1631 vestigia,

302 1637 373 1697 Non
394 1656 471 1712 quae
493 1637 612 1696 otiosos
635 1636 761 1694 culcitaa
784 1638 958 1709 absorbent,
980 1657 1060 1710 ama,

304 1722 389 1796 Quos
409 1722 552 1781 anserina
574 1721 704 1780 molliter
726 1723 781 1781 sub
804 1723 947 1800 stragulis

303 1807 438 1867 Medulla
460 1807 563 1867 condit
583 1807 616 1865 in
639 1806 798 1883 sepulchro
817 1807 947 1883 plumeo.

304 1888 395 1966 Tun'‚
416 1892 555 1951 militanti
577 1892 625 1950 cui
645 1892 813 1969 parabilem
836 1900 935 1951 torum

303 1977 424 2037 Humus
448 1978 608 2048 ministret,
636 1986 727 2053 atque
752 1977 882 2035 cervical
902 1977 1000 2036 silere

305 2064 404 2139 Quem
425 2062 575 2122 sustinere
594 2063 650 2120 sub
673 2063 748 2121 love
770 2080 806 2119 ac
828 2063 884 2120 sub
909 2062 1038 2138 pellibus

303 2148 420 2207 Palude
439 2166 540 2219 caesa,
562 2147 610 2205 vel
631 2145 767 2222 maniplo
789 2147 908 2220 caricis,

304 2232 404 2310 Caput
422 2232 534 2290 recline
557 2240 645 2308 coget
668 2250 821 2288 armorum
841 2232 941 2306 labor,

302 2318 437 2378 Pulvilla
453 2317 537 2391 laxa,
559 2316 650 2375 molle
669 2323 836 2377 tomentum
857 2318 971 2395 premis

303 2404 406 2462 Durae
426 2403 598 2480 palaestrae
619 2402 765 2461 dedicatis
787 2404 935 2463 artubus?

303 2489 407 2548 Labor
426 2489 537 2547 tibiae
557 2488 701 2561 vindicat,
720 2507 783 2546 non
805 2488 908 2547 otium.

305 2572 461 2633 Str-actura
479 2573 551 2631 lecti
572 2582 620 2632 est
641 2581 787 2645 stramen,
811 2581 902 2649 atque
924 2572 1041 2631 culcita.

304 2658 391 2717 Haec
413 2658 583 2735 partiantur
602 2659 708 2731 otium,
731 2668 761 2715 et
784 2657 872 2717 labos
895 2658 962 2717 sibi.

306 2742 354 2804 Sit
373 2743 574 2814 hocslaboria
596 2744 651 2801 illa
667 2744 755 2801 cedat
775 2744 843 2801 otio.

309 2914 356 2972 15.
399 2913 538 2970 Marcone
560 2930 670 2989 segnes
692 2920 782 2989 atque
802 2912 900 2971 omasi
924 2911 1043 2970 sarcina

306 2997 443 3075 castiget
463 3003 546 3055 artus
566 2998 671 3073 regula
690 3006 720 3055 et
740 2998 909 3075 frugalitas,

305 3083 387 3144 Male
403 3081 560 3140 tussientis
579 3082 718 3140 corticem
739 3081 912 3160 corpusculi

305 3169 417 3227 Diaeta
436 3166 579 3238 inaudax,
598 3167 764 3241 viriumque
786 3167 926 3226 conscius

306 3254 410 3312 Victus
433 3258 541 3310 tuetur.
561 3250 650 3309 Vitae
671 3252 840 3312 inoffensus
863 3260 951 3310 tenor,

305 3339 428 3415 Integra
446 3338 581 3395 membra
602 3337 683 3395 ducit
702 3337 742 3395 ad
761 3337 874 3395 calcem
892 3336 1038 3408 ultimam,

307 3421 342 3481 Si
359 3423 404 3481 nil
423 3424 546 3481 iuventa
565 3422 658 3481 stulta
681 3422 828 3481 conscivit
851 3422 920 3494 sibi,

306 3504 427 3565 Effoeta
446 3509 654 3584 membracur
676 3515 816 3566 senectae
835 3507 976 3577 traderet.

306 3590 407 3664 Quare
427 3592 555 3651 lacessis
575 3592 733 3668 questibus
756 3593 873 3650 caelum
896 3591 967 3662 tale,

308 3663 398 3751 Quod
416 3675 508 3734 dubia
527 3685 558 3735 et
575 3696 688 3755 anceps
709 3677 833 3736 fluctuat
851 3676 935 3737 salus
953 3675 1019 3749 tibi,

308 3762 408 3837 Quum
428 3760 568 3821 sanitatis
587 3764 716 3839 quiaque
734 3762 774 3822 sit
796 3762 881 3821 faber
904 3760 1000 3821 suae?
