2884 4650
576 535 727 630 A

250 752 252 755 .
344 701 372 758 2.
419 703 455 759 In
477 703 598 762 Ioannis
620 707 797 781 Bonncsonii
819 707 966 768 Poma.

192 784 315 842 Prodite
339 803 431 842 aurea
451 787 565 863 scripta
586 789 769 863 Bonnefon1‚

192 868 288 928 Prodi
312 870 441 927 candida
463 872 552 930 Musa
574 873 762 947 Bonnefom,

192 955 234 1014 Ut
260 955 358 1013 doctis
381 956 470 1012 etiam
492 957 579 1016 Italis
601 960 748 1035 pudorem

191 1041 353 1119 imponas,
375 1040 482 1114 quibus
508 1043 539 1100 in
561 1042 689 1102 Poetica
711 1045 792 1103 assis

191 1123 263 1182 Non
285 1133 333 1184 est
355 1123 458 1183 Gallia
477 1134 722 1203 terrarumque
748 1128 821 1188 solis

191 1210 319 1268 Romuli
341 1210 541 1287 popularibus
565 1212 713 1288 Remique

192 1297 351 1354 Musarum
373 1296 538 1356 attribuunt
555 1298 650 1358 salem
665 1307 754 1373 atque
768 1306 905 1375 gustum3

192 1380 235 1439 Ut
257 1399 383 1454 quorum
404 1381 519 1455 patrios
541 1375 679 1458 utrinque
700 1385 777 1441 fines

192 1465 336 1524 Infernas
356 1485 439 1522 mare
461 1467 559 1544 cingit,
574 1476 625 1525 aut
647 1467 813 1544 Supernas.

192 1549 259 1608 Nos
283 1569 403 1627 vappae
425 1569 540 1623 sumus,
564 1561 653 1627 atque
673 1553 871 1629 Apollinares

192 1631 293 1692 Lixae
317 1636 436 1692 Musica
455 1644 555 1696 castra
576 1646 790 1714 pervagantes,

194 1721 282 1795 Quos
301 1739 358 1777 nec
379 1720 465 1778 Italis
487 1741 560 1780 aura
583 1723 741 1799 vagientes

193 1805 331 1863 Primum
354 1805 519 1878 adflaverit,
548 1815 600 1866 aut
621 1808 733 1866 Latina
757 1827 887 1866 mamma

138 1959 139 1964 ἵ
194 1891 258 1948 Lac
279 1891 461 1948 immulserit
481 1892 611 1950 humidis
638 1892 768 1953 labellis.
809 1896 826 1934 ⁸
853 1917 857 1924 ’

195 1975 244 2034 Tu
268 1984 376 2034 contra
396 1977 551 2036 Ausonios
574 1975 762 2054 pereleganti

180 2054 307 2118 'Doctos
332 2061 465 2118 carmine
485 2081 630 2137 provocas
651 2062 776 2122 Poetae.
825 2127 827 2129 .

196 2145 248 2206 Sic
275 2153 338 2216 est;
360 2146 502 2203 materies
524 2147 592 2204 boni
611 2142 725 2206 Poetae

194 2233 284 2290 Merx
305 2238 353 2288 est
374 2231 507 2306 publica,
529 2249 617 2305 qnam
638 2231 690 2289 Dii
711 2231 835 2308 benigni

194 2316 341 2375 Vendunt
363 2317 500 2375 omnibus
524 2316 661 2393 improbo
685 2317 799 2375 labore.

194 2402 285 2461 Hanc
308 2402 357 2459 cui
379 2422 437 2459 non
456 2402 540 2461 lubet
561 2421 630 2463 esse
652 2402 828 2479 negligenti,

193 2487 297 2545 Docta
317 2488 451 2545 Musicae
472 2488 504 2545 in
526 2488 599 2545 artis
622 2487 744 2545 officina

196 2570 260 2633 Sub
284 2572 393 2629 incude
415 2572 526 2631 laboris
552 2590 647 2645 usque
667 2571 797 2629 tundens

196 2655 275 2718 Sese
296 2658 425 2715 fabricat
445 2667 474 2714 et
494 2658 541 2716 sui
562 2658 673 2715 artifex
694 2658 743 2713 fit:

194 2741 263 2801 Nec
282 2742 397 2800 Romae
422 2744 497 2801 satis
522 2751 568 2801 est
587 2742 683 2801 fuisse
706 2749 826 2822 natum,

195 2827 278 2910 Napi
303 2830 348 2899 fit,
372 2847 433 2885 non
453 2829 541 2886 modo
566 2828 699 2885 nascitur
721 2826 827 2883 Poeta.
889 2900 893 2904 Ι
977 2825 981 2831 ’

341 2998 369 3055 3.
410 2998 449 3057 In
468 2998 607 3055 Poematc
630 3000 693 3054 Iac.
719 2994 840 3056 Corttnii
862 2992 978 3053 Cascei.

196 3084 262 3140 lam
285 3083 345 3141 sibi
366 3082 456 3141 decus
479 3091 642 3158 arrogaret,
655 3082 762 3157 ingens

197 3167 305 3226 Tellus
330 3167 409 3225 Itala
429 3168 524 3225 literis
549 3175 578 3225 et
600 3167 706 3236 armis;

198 3251 275 3313 Cum
295 3253 417 3311 tandem
439 3260 529 3329 caput
550 3253 679 3309 efferens
699 3251 832 3307 tenebris

197 3338 249 3395 Illi
270 3338 441 3414 praeripuit
463 3338 554 3395 decus
577 3336 679 3408 duelli,

200 3421 291 3482 Solae
314 3422 417 3481 Gallia
437 3424 542 3480 literas
566 3420 695 3496 reliquit.

197 3508 262 3567 Diu
284 3508 421 3567 constitit
444 3509 519 3565 haec
542 3507 658 3581 utrique
682 3504 796 3581 palma,

197 3592 263 3651 Diu
284 3593 376 3651 laude
399 3612 463 3665 sua,
487 3612 542 3651 sua
563 3591 728 3669 palaestra,

199 3677 262 3737 Suo
284 3697 409 3737 munere
431 3679 550 3737 functus
572 3684 776 3749 aratorque,

200 3762 310 3823 Gallus
334 3763 485 3821 maximus
508 3764 577 3835 hoc,
597 3761 726 3849 Latinus
748 3753 819 3823 illo;
868 3838 886 3895 4
