2884 4650
671 535 823 631 —Q

292 705 335 764 Di
357 704 512 782 prohibete
535 705 633 766 nefas.
656 704 798 777 habeant,
822 723 896 780 quos
917 713 1056 780 tempore
1078 705 1162 766 nullo

292 791 376 849 Laus
399 790 501 848 aliena
520 790 593 848 sinit
613 809 736 850 securos
761 809 887 866 carpere
911 807 1045 862 somnos,

293 875 389 950 Inque
409 875 479 955 aliis
500 874 604 948 odere,
625 875 684 934 sibi
704 876 783 950 quod
803 876 914 935 abesse
935 883 1111 949 queruntur,

293 958 367 1019 Non
388 978 467 1036 quos
487 960 628 1036 ingenuis
652 959 795 1018 decorant
817 960 971 1018 natalibus
995 968 1091 1033 artus,

292 1045 333 1104 Et
353 1045 462 1120 quibus
482 1044 608 1102 incaluit
629 1063 781 1121 generoso
800 1045 948 1122 sanguine
969 1053 1085 1122 pectus.

293 1130 425 1188 Ventum
448 1137 497 1191 est
517 1131 556 1187 ad
578 1148 736 1188 summum.
764 1130 838 1188 nihil
859 1149 878 1187 a
899 1130 1002 1188 livoris
1025 1130 1121 1206 iniqui

293 1214 445 1274 Dentibus
465 1215 611 1272 intactum
633 1222 690 1272 est.
716 1215 834 1274 scandit
854 1215 915 1272 iam
937 1215 1038 1274 sidera
1058 1215 1168 1292 pestis.

295 1300 444 1375 Quocirca
465 1307 602 1358 moestae
623 1299 748 1358 deiectis
770 1300 902 1359 vultibus
924 1303 1014 1360 Artes

294 1385 400 1444 Exilia
419 1384 544 1443 voluere
566 1391 711 1443 nocentes
736 1393 853 1443 vertere
873 1393 970 1443 terras

293 1470 419 1530 Exosae
440 1469 543 1548 nigros
565 1488 666 1528 mores
688 1476 718 1526 et
740 1469 866 1528 crimina
889 1469 993 1528 saecli.

293 1555 419 1629 Iamque
439 1555 470 1612 iu
490 1554 649 1631 procinctu
668 1560 830 1628 steterant,
854 1555 1026 1630 abitumque
1046 1555 1213 1630 parabant,

251 1701 259 1713 ,
295 1639 398 1715 Quum
420 1639 476 1696 tibi
496 1658 587 1711 mors,
607 1639 706 1716 Lipsi,
729 1641 832 1699 fessos
853 1640 985 1716 operiret
1003 1639 1130 1698 ocellos.

294 1724 412 1782 Invicta
435 1732 467 1781 at
488 1725 585 1799 pietas
606 1724 756 1800 tantisper
777 1732 858 1783 stare
881 1725 988 1802 coegit,

295 1808 377 1868 Dum
399 1828 542 1885 suprema
562 1828 625 1868 suo,
638 1809 806 1887 solvissent
827 1810 908 1868 iusta
926 1810 1055 1886 parenti.

295 1895 371 1953 Mox
393 1901 424 1952 te
445 1894 511 1967 illo,
534 1915 594 1969 quo
617 1902 649 1951 tu
673 1894 789 1972 fugisti,
812 1895 890 1953 calle
909 1905 1079 1970 sequentur.
1142 1922 1144 1926 ·

295 1979 385 2038 Felix
403 2000 422 2039 o
440 1979 565 2037 nimium
587 1979 671 2038 felix.
696 1981 866 2040 viventibus
894 1980 978 2052 olim,

295 2064 411 2124 Vixisti
432 2065 556 2123 studiis:
578 2065 703 2123 moreris
723 2066 922 2124 morientibus
942 2065 1062 2124 iisdem.

368 2268 370 2273 ·
451 2233 499 2292 10.
539 2234 734 2309 Epitaphium
757 2236 802 2291 Io.
825 2234 946 2291 Boiselle'
968 2235 995 2291 I.
1019 2233 1051 2291 C.

297 2316 394 2393 Quae,
416 2317 564 2391 Boiselle,
586 2318 644 2376 fuit
668 2327 807 2378 votorum
831 2338 948 2377 summa
969 2328 1095 2391 tuorum,

338 2403 386 2462 Eu
403 2404 556 2463 volvenda
575 2404 653 2462 ultro
672 2404 800 2462 contulit
819 2404 892 2461 hora
908 2404 972 2464 tibi.

298 2487 389 2562 Quod
410 2509 469 2547 non
493 2490 619 2547 ulterius
642 2488 732 2548 terris
758 2488 918 2548 considere
942 2489 1047 2562 velles,

339 2572 438 2647 Quam
459 2575 575 2649 patriae
593 2592 704 2651 posses
729 2574 813 2633 utilis
836 2592 905 2632 esse
926 2583 1005 2633 tuae.

298 2654 379 2715 Nam
400 2660 536 2732 quamvis
560 2660 670 2719 haustu
688 2659 873 2719 Phoebaeae
896 2658 972 2717 lucis
994 2660 1111 2717 ademto

338 2740 492 2820 Perpetua
511 2753 580 2802 ante
604 2744 710 2804 oculos
733 2764 794 2803 nox
818 2744 901 2803 stetit
921 2752 986 2802 atra
1005 2752 1089 2803 tuos:

296 2826 487 2886 Indelibatae
505 2830 600 2886 virtus
620 2838 722 2887 tamen
744 2830 862 2908 integra
883 2830 1006 2901 mentis,

339 2912 379 2970 Et
399 2932 455 2988 pro
475 2912 612 2972 sollicitis
635 2913 766 2990 impigra
788 2934 859 2972 cura
879 2914 952 2986 reis,

297 2994 426 3073 Semper
448 2997 606 3055 inextincti
628 2998 749 3057 suffecit
770 2999 893 3057 luminis
916 3018 1015 3071 usum,

340 3081 444 3142 Civica
464 3102 518 3157 pro
538 3082 637 3140 dubiis
662 3081 767 3142 litibus
787 3103 872 3142 arma
894 3085 1006 3142 ferens.

296 3170 342 3227 Ac
365 3184 506 3245 suprema
527 3167 599 3224 licet
619 3168 718 3244 spatio
740 3168 794 3227 tibi
815 3169 877 3226 vita
898 3176 1021 3245 peracto

341 3251 517 3331 stringebat
533 3261 630 3310 metas
652 3253 794 3313 interiore
818 3262 903 3313 rota:

296 3338 450 3411 Mansisti,
474 3347 507 3396 ut
526 3356 635 3414 posses
658 3338 775 3413 patriae
798 3358 979 3416 componere
1000 3338 1085 3408 lites3

340 3422 508 3499 Postquam
529 3430 679 3501 perpetua
697 3422 752 3481 lite
774 3424 905 3497 laborat,
930 3425 1007 3483 abis.

437 3594 485 3650 ll.
527 3595 723 3670 Epitaphium
748 3593 865 3671 Georpia'
887 3596 1071 3653 Baclaoaoa‘.

297 3675 466 3752 Postquam
484 3678 573 3737 laude
596 3688 649 3737 tua
669 3679 811 3756 patriam,
830 3680 1006 3754 meritisque
1029 3678 1139 3750 beasti,

341 3761 536 3835 Buchanaue,
558 3765 619 3824 tuis
640 3762 722 3825 Solis
744 3771 900 3841 utrumque
919 3764 1017 3823 latus:

190 4157 543 4453 fr
635 4195 797 4453 a
