2884 4650
685 522 837 617 ,ιιι-
874 571 878 594 .

345 689 397 751 καὶ
417 688 488 757 τοῦς
513 689 590 774 ἐμῆς
611 688 674 771 μὲν,
689 687 935 773 δοσμενεοτάτης
958 685 1079 771 στίβους

347 774 520 857 ῖχνηλατεῖν
544 772 621 849 οἶδ’,
642 773 714 836 εὐτυ
739 777 783 836 εῖν
806 773 841 835 δὲ
860 776 925 840 τοῖς
945 768 1077 855 τρέμειν.

345 858 398 921 καὶ
419 858 473 941 τὴν
497 858 628 941 ἐρῶντος
648 858 691 925 εἰς
713 795 871 941 έρώμενον
893 855 982 941 φῦσιν

347 944 601 1024 μεταλλαγεῖσαν,
624 938 660 1004 έκ
681 941 711 1003 τ’
732 943 907 1025 ἀνωμάλων
932 940 1017 1006 ὅπως

345 1031 491 1094 παντοῖος
513 1026 582 1111 ὄψιν
604 1026 729 1109 γίνομαι
751 1028 802 1089 καὶ
823 1026 876 1109 τὴν
896 1024 994 1109 χρόαν

347 1116 457 1195 μικροῦ
475 1110 621 1193 γέλωτος,
644 1112 695 1173 καὶ
717 1116 843 1193 μακρῶν
864 1110 1058 1194 ὀδυρμάτων,

347 1196 432 1281 ψυχή
456 1218 489 1258 τε
511 1199 579 1262 πῶς
600 1199 640 1279 ζῇ
659 1196 788 1279 καρδίας
809 1194 967 1265 ἀπόξενος.

348 1280 416 1343 οἶδ’
441 1279 472 1349 ἐξ
497 1280 633 1362 ἐμαυτοῦ
658 1279 740 1364 μυρί’
763 1278 971 1364 ἠπατημένος,

346 1366 399 1428 καὶ
420 1364 646 1447 δυστέκμαρτον
667 1369 728 1447 πῦρ
753 1364 826 1447 ἐμὸν
854 1365 1017 1447 διζήμενος

347 1448 466 1532 θέρμην
492 1447 630 1522 ἄπωθεν,
649 1454 747 1534 χεῖμα
770 1447 802 1511 δ’
827 1448 953 1531 ἐγγύθεν
978 1447 1109 1516 σπάσας.

347 1532 410 1596 οἶδ’
430 1537 474 1600 ὡς
489 1529 592 1616 Ἔρως
614 1532 745 1597 ἔναυλον
767 1533 798 1595 ἐν
822 1534 912 1618 φρεσὶ
934 1532 1052 1618 βρέμει,

346 1617 398 1681 καὶ
420 1619 470 1681 τδν
494 1620 640 1701 λογισμὸν
664 1617 803 1702 στηθέων
829 1617 920 1680 πάντ’
945 1618 1077 1680 ἐκπτοεῖ.

255 1739 257 1743 -
347 1702 487 1769 καὶπῶς
509 1701 617 1784 τέτηκε
638 1703 750 1787 καρδία
772 1701 986 1786 πολυτρόπως.

348 1785 406 1850 οἶδ’
431 1786 549 1871 δσσίχιμ
573 1788 627 1870 μὲν
651 1788 853 1871 εὐγενεστάτη
877 1785 994 1872 βρόχῳ,

350 1870 422 1935 ὅταν
446 1872 564 1954 μονάζη
587 1876 700 1941 παντὸς
717 1870 922 1956 ἠρημωμένη,

350 1956 433 2042 ψυχὴ
455 1960 620 2040 κρατεῖται,
648 1958 689 2041 μὴ
711 1958 740 2019 δ’
766 1957 944 2027 ὑπασπίζων
968 1957 1062 2039 πάρα.

350 2042 402 2104 καὶ
422 2038 476 2107 τὰς
498 2042 643 2123 πατήσεις
659 2043 712 2109 τάς
733 2040 768 2104 θ’
790 2039 962 2125 ἑκηβόλους
977 2038 1083 2117 τυπὰς,

350 2126 401 2188 καῖ
421 2124 475 2192 τὰς
496 2125 634 2199 ἀπειλὰς,
657 2126 712 2194 τὰς
736 2126 831 2209 βολάς
854 2125 880 2187 τ’
902 2124 1066 2207 ἐπίσταμαι

351 2209 476 2294 ἔρωτος,
498 2212 541 2276 ὡς
563 2210 671 2294 βίαιος,
694 2214 737 2279 ὥς
758 2210 934 2287 ἐπίκλοπος,

351 2295 437 2364 ὅπως
459 2294 575 2377 ὁμοίως
596 2294 652 2358 οὐκ
675 2296 724 2358 ἀεὶ
748 2296 943 2380 τροχηλατεῖ.

350 2384 393 2448 ὥς
412 2380 497 2448 ἐλπὶς
519 2379 555 2441 οῦ
579 2380 713 2464 δηναιὸς,
737 2380 841 2449 αἰανὲς
860 2380 888 2442 δ’
914 2379 1001 2464 ἄχος,

347 2465 433 2528 κεναὶ
455 2465 490 2526 δὲ
510 2465 608 2548 πάντη
632 2467 763 2528 πίστεων
788 2463 980 2550 ὑποσχέσεις.

349 2553 393 2616 ὥς
416 2547 534 2628 ὀστέοις
557 2550 611 2633 μὲν
635 2549 734 2632 καῦμ’
758 2551 929 2633 ἐπάργεμον
952 2548 1071 2633 φλέγει,

348 2631 470 2779 ῖῖῗίὰῖ
486 2633 638 2779 ῖάλῖψὶ
651 2640 725 2782 ῖῗῖ
745 2632 1064 2780 ῖωέήπῖἷὶέῖῗῖἒι

349 2803 393 2869 ὣς
415 2739 468 2862 οιῖν
492 2739 980 2888 ἑρώθγτθνςν,0οἶδάῗςθράθθδειλος
1005 2741 1094 2888 βίυςῗτ

347 2886 464 2952 πλάνος
482 2907 515 2946 τε
536 2887 713 2973 κηἰβέβαιος,
737 2893 779 2956 ὡς
803 2889 898 2950 εἰπεῖν
923 2885 1005 2954 ἔπος.

348 2973 391 3038 ὥς
412 2969 505 3031 πόλλ’
524 2970 639 3055 ἀδευκῆ
657 2972 786 3052 γλυκέος
804 2975 930 3055 ἡττᾶται
949 2973 1068 3056 μικροῦ.

347 3053 410 3139 ἤθη
430 3075 464 3114 τε
483 3052 610 3132 τούτων,
633 3058 671 3119 τά
692 3079 726 3118 τε
749 3057 839 3141 μέλη,
862 3056 1004 3125 καὶτοὺς
1027 3053 1163 3133 στόνους,

348 3141 382 3203 τδ
407 3137 531 3225 φθέγμα
555 3140 583 3201 τ’
605 3139 726 3217 άτονον,
750 3141 803 3210 τὰς
825 3142 935 3225 μεταξῦ
959 3141 986 3204 τ’
1010 3140 1175 3224 ἀναβολὰς,
1305 3219 1307 3224 Ι

308 3277 309 3281 ,
350 3223 478 3309 βραχμη
489 3221 622 3305 γέλωτα,
635 3224 687 3287 καὶ
701 3226 803 3310 μακρά
818 3228 1019 3310 στενάγματα,
1054 3224 1221 3310 [βραχδνέ]

349 3309 493 3393 ἀψινθίου
517 3331 551 3371 τε
571 3315 625 3373 τοῦ
650 3312 834 3396 μελικρητου
854 3309 951 3394 πόμα.

392 3408 450 3458 Hoc
465 3410 625 3472 poematium
644 3410 711 3458 inter
731 3410 899 3474 equitandum
913 3411 1032 3459 vertebat
1044 3409 1096 3462 Ios.
1107 3409 1222 3472 Scaliger

458 3476 486 3526 in
505 3479 656 3530 Pictonibus
676 3493 743 3528 anno
759 3476 832 3538 1563,
851 3478 968 3528 oblatum
989 3480 1076 3531 statim
1093 3478 1221 3528 Nobiliss.

455 3545 591 3598 Ludovico
607 3547 753 3600 Οαεικιιεεο
772 3547 946 3611 Βαρίροπαεο,
969 3548 997 3596 in
1013 3547 1171 3598 monasterio
1192 3545 1220 3597 S.

457 3615 557 3667 Mariae
574 3617 612 3666 De
627 3616 818 3667 Misericordia.
860 3613 985 3666 Oblatum
1003 3617 1081 3668 etiam
1098 3617 1137 3666 M.
1157 3615 1221 3666 Ant.

457 3683 561 3736 Mureto
583 3701 651 3737 αιιιιο
672 3682 745 3737 1565.
