2884 4650
752 536 814 593 352

215 744 220 757 .
328 698 400 759 Non
421 700 470 758 hic
491 710 632 762 veternas
655 703 849 763 dormientem
873 706 991 781 coepiat

329 785 501 845 Obliuionis
520 787 675 863 Equitium
697 790 903 848 Melanthium.

327 868 467 945 Namque
488 872 545 930 ibit
564 872 621 931 ibit
638 875 790 932 nauticum
811 875 850 932 ad
874 875 974 933 Ritbri
996 876 1106 949 sinum,

332 956 371 1014 Et
395 954 495 1015 Neriti
515 976 673 1016 cacumen:
693 960 859 1018 intuebitur

262 1042 316 1097 770
331 1041 447 1101 Vastus
470 1051 596 1118 penates
620 1062 732 1118 susque
755 1045 852 1119 deque
871 1044 1016 1105 innditue·

302 1149 304 1154 ·
331 1126 448 1203 Lux[u]
469 1147 628 1203 procorum
651 1129 790 1205 turpium.
811 1138 843 1187 ct
865 1139 986 1205 scrapta
1006 1130 1149 1206 improba

333 1210 476 1287 Speciose
496 1214 665 1271 adulterata
686 1216 824 1273 corrodet
843 1215 976 1287 domum,

331 1298 420 1355 Luxu
443 1297 893 1359 miselliabsentiscffuudena
911 1319 997 1375 opes.

331 1386 430 1456 Atque
449 1382 516 1458 ipse
532 1383 643 1441 ibidem
668 1384 862 1459 pluraquam
883 1385 914 1442 in
938 1384 1044 1446 Scaeis
1065 1384 1152 1443 mala

264 1464 315 1518 775
332 1467 447 1525 Videns
470 1467 676 1541 famelicum,
701 1488 719 1527 a
739 1470 911 1528 domesticis
942 1493 944 1496 ·

330 1552 429 1610 Minas
452 1560 551 1611 toroso
574 1553 697 1612 tetricas
721 1554 814 1614 dorso
836 1555 899 1630 pati

332 1635 444 1697 Sennis
466 1656 623 1712 repressus
647 1640 754 1712 discet,
778 1648 808 1697 et
828 1639 959 1715 pavirier

331 1720 447 1797 Pugnis
468 1722 592 1798 iniquis,
615 1724 815 1800 frivolumque
837 1725 976 1785 iactibus.

332 1804 400 1865 Nec
420 1807 541 1865 insueta
563 1808 657 1886 flagra
677 1817 761 1867 sunt:
782 1810 935 1867 uberrima

264 1898 316 1953 780
332 1892 425 1950 Vibix
449 1902 550 1951 manet
568 1894 719 1953 Thoantis
739 1894 771 1951 in
789 1896 883 1972 tergis
902 1895 999 1952 adbuc

332 1976 439 2037 Lentis
460 1978 571 2037 betulis
592 1980 718 2055 sculpta,
738 1998 815 2054 quae
834 1980 911 2039 trico
928 1998 1039 2039 nocens

333 2060 429 2123 Siccis
451 2064 537 2141 genis
560 2064 697 2141 infligere
720 2064 940 2138 exhortabitur,

333 2146 455 2207 Gnatam
480 2148 611 2207 libenter
632 2149 749 2225 corpori
768 2149 945 2225 insculpens
964 2157 1068 2209 notam

333 2233 375 2293 Ut
396 2234 519 2293 nescios
540 2234 655 2292 illeotet
677 2234 802 2293 oculatis
829 2236 918 2293 malis

266 2321 316 2376 785
333 2318 463 2392 Hostes,
485 2320 618 2396 querelis
636 2320 800 2397 principem
820 2319 967 2378 inducens
990 2338 1113 2379 senemt

336 2402 431 2477 Quem
450 2404 616 2482 Bombylea
637 2406 737 2478 vallis,
761 2413 791 2462 et
809 2405 974 2464 Temmicia

334 2490 450 2548 Infame
472 2491 558 2550 nobis
581 2499 662 2549 terra
681 2491 827 2566 produxit
844 2491 965 2563 malum,
1028 2515 1031 2518 ⁴

335 2573 477 2634 Servatus
496 2595 574 2635 unus
595 2577 761 2634 navitarum
778 2576 809 2634 in
829 2576 966 2650 patriam.

333 2659 492 2720 Postremo
516 2661 613 2736 qualis
636 2662 718 2720 larus
743 2661 885 2738 angerius
908 2660 1011 2732 maris,

266 2745 319 2800 700
336 2743 482 2819 Salsaque
506 2767 611 2805 murex
632 2765 743 2822 corpus
763 2747 844 2804 unda
866 2747 1026 2817 exercitus,

335 2830 491 2889 Exhausto
511 2831 584 2889 luxu
605 2831 820 2892 Proniensium
843 2834 922 2890 bona

337 2915 418 2976 Olim
442 2935 460 2972 a
477 2916 616 2976 Lacaena
635 2919 738 2993 putida
756 2917 915 2976 offendens
933 2916 1014 2990 lupa,

335 3001 431 3060 Portu
449 3001 555 3061 relicto
575 3021 684 3077 passus
707 3002 825 3061 occidet
847 3021 943 3061 senex

336 3086 450 3146 Corvus
474 3089 529 3145 sub
553 3087 643 3146 armis
663 3086 764 3145 Neriti
781 3088 866 3145 lucos
887 3103 995 3162 prope:

267 3168 318 3224 795
337 3173 434 3248 Quem
457 3173 550 3230 latere
569 3173 659 3241 ¹fosso
682 3173 784 3246 cuspis
806 3170 981 3230 incurabilis

335 3258 435 3318 Piscis
456 3258 575 3316 necabit
592 3256 695 3314 acideo
720 3254 871 3316 Sardonii.

335 3343 494 3417 Natusque
513 3343 606 3419 patris
630 3341 765 3401 carnifex
783 3342 950 3412 vocabitur,

336 3429 465 3488 Achillis
487 3428 540 3486 ille
563 3427 765 3486 consobrinus
787 3426 936 3503 coniugia

336 3511 414 3571 Post
433 3513 524 3572 funus
547 3531 688 3591 augurem
708 3513 840 3587 Eurytan
862 3509 991 3586 populus
1011 3508 1101 3582 colet,

269 3588 320 3644 3⁰⁰
337 3595 378 3654 Et
399 3598 449 3670 qui
471 3599 569 3657 cubile
590 3596 914 3674 Tramphyae-celsum
934 3602 1033 3652 tanet:

338 3681 374 3738 In
398 3699 456 3754 qua
475 3685 594 3742 necabit
616 3682 777 3742 Herculem
798 3700 904 3740 rursus
925 3680 1014 3738 draco

339 3764 530 3844 Tymphaeus
553 3769 586 3828 iu
607 3768 754 3840 convivio,
774 3785 831 3825 rex
851 3765 1021 3837 Aethicnm,
1128 3825 1133 3832 ,
