2884 4650
786 561 805 619 6

721 646 872 654 ----

342 731 423 794 Nam
443 731 499 789 tibi
519 730 590 787 licet
608 731 711 787 omnia

387 816 482 889 Scire,
504 835 563 890 quo
587 815 652 874 sine
672 815 715 872 nil
734 815 839 872 Venus

385 902 496 974 Audet,
515 900 600 957 irrita
622 908 692 958 sunt
708 907 828 976 patrum

385 988 477 1059 Vota,
497 985 540 1042 nil
558 985 629 1043 fidei
651 985 754 1044 valent

386 1071 481 1133 Sacra
498 1079 588 1147 pacta
607 1071 742 1127 maritae.

264 1220 267 1230 ,
345 1158 401 1220 cui
423 1157 506 1234 capis
527 1156 593 1212 leve
615 1152 807 1211 flammeum?

385 1244 512 1301 Pineam
533 1239 665 1297 faculam
686 1237 807 1316 quatis?

387 1329 474 1404 Quae
495 1325 598 1402 puella
617 1332 661 1382 t0t
684 1325 816 1402 ignibus,

386 1414 464 1489 Quis
489 1417 532 1468 tot
551 1411 590 1467 ah
612 1410 731 1468 iuvenis
750 1413 847 1466 meret

385 1496 591 1576 Apparatibus
608 1492 680 1552 uri?

345 1583 437 1660 Quod
457 1601 513 1659 par
534 1579 609 1638 illud
632 1577 809 1647 amantium,

388 1669 472 1744 Quos
496 1673 604 1743 potens
633 1663 763 1722 Veneris
786 1659 850 1720 suis
940 1714 943 1718 .

386 1753 530 1813 Destinat
551 1770 626 1827 puer
644 1746 775 1806 ictibus?

389 1839 466 1914 Quis
487 1837 588 1914 perire
609 1836 726 1892 dieatus
751 1830 817 1889 est?

388 1924 458 2001 Qua
478 1923 577 2000 perire
604 1918 734 1998 sagitta?

346 2009 409 2071 Sed
430 2009 501 2086 quid
525 2006 615 2066 obvia
637 1998 846 2082 quaerimusl.

388 2097 467 2155 Ecce
490 2093 573 2170 quod
594 2092 716 2167 petitur,
739 2085 842 2164 palam
863 2088 922 2140 est.

388 2184 507 2258 Agmen
528 2177 612 2235 illico
633 2176 703 2232 dum
724 2174 830 2245 loquor

390 2265 516 2343 Strigat,
541 2271 570 2319 et
589 2259 717 2320 Veneris
740 2263 822 2313 rotas

388 2353 506 2427 Pompa
525 2349 606 2407 sistit
626 2348 778 2405 eburnas.v

346 2439 470 2511 Iamque
492 2432 669 2493 Dousiadae
692 2431 813 2488 domum

390 2521 555 2597 Hospitum
579 2520 685 2577 chorus
710 2512 844 2583 obsidet3

389 2607 497 2680 Deque
515 2605 605 2681 plebe
629 2601 812 2678 Cupidinum

389 2692 552 2768 Penniger,
576 2690 688 2747 monitu
710 2685 808 2756 Deae,

389 2778 498 2836 Pulsat
519 2776 600 2833 ostia
621 2772 741 2833 Cursor.

347 2863 495 2924 Panditur
515 2860 631 2917 domus.
651 2855 750 2915 influit

389 2948 506 3025 Vulgus
530 2946 629 3003 omne.
655 2942 809 3001 silentium

392 3034 543 3095 Colloeata
564 3028 716 3106 tapetibus

389 3120 471 3180 Diva
490 3117 612 3174 nutibus
633 3114 771 3188 imperat.

391 3207 470 3264 Infit.
495 3221 546 3262 ore
563 3202 690 3257 favetur.

349 3290 458 3349 Dousii
479 3286 598 3367 generis
620 3285 722 3356 decus,

393 3374 484 3436 Clara
501 3392 589 3450 quem
613 3369 762 3427 celebrem
783 3367 860 3425 feeit

392 3459 508 3519 Inclitis
532 3456 629 3515 atavis
650 3454 771 3525 domus,

394 3544 510 3603 Glarior
529 3542 636 3602 studiis
657 3548 770 3610 tamen,

393 3630 576 3703 Artibusque
598 3628 771 3694 Minervae3

350 3714 420 3777 Non
439 3712 513 3773 mihi
531 3712 606 3770 libet
626 3711 752 3769 aedibus

394 3798 539 3860 Intulisse
561 3796 670 3873 pedem
693 3795 768 3867 tuis,
