2884 4650
700 557 849 652 A

318 727 386 789 Nec
405 725 560 804 pressisse
583 725 638 784 tibi
661 736 709 786 sat
734 729 775 788 sit
794 725 924 802 vestigia
945 741 1081 783 avorum.

360 812 422 871 Fac
444 829 565 887 quoque
590 811 632 870 sis
654 819 758 872 tantae
781 831 854 890 pars
873 810 1021 869 imitanda
1043 809 1164 870 domus.

318 896 385 957 Nec
404 905 521 955 tantum
543 895 598 954 tibi
620 897 760 956 militiam
782 895 964 956 transcribat
984 895 1104 955 honesti

361 982 495 1052 Muneris
517 981 642 1040 emerito
662 981 783 1042 functus
806 984 920 1041 honore
941 980 1048 1038 Pater:

318 1067 543 1129 verumetiam
566 1065 697 1142 propriis
717 1067 803 1125 illam
828 1064 986 1125 virtutibus
1008 1082 1091 1122 orna.

361 1151 437 1213 Cum
456 1151 571 1228 patrias
593 1150 639 1208 illi
659 1152 807 1224 inniteris,
829 1151 906 1208 adde
928 1158 1007 1208 tuas.

320 1237 382 1300 Sed
402 1238 515 1295 frustra
533 1253 642 1312 precor
664 1238 749 1295 haec.
776 1245 883 1295 tenues
905 1234 1062 1311 rapiuntur
1084 1233 1117 1291 in
1139 1250 1233 1291 auras

358 1323 503 1382 Fatorum
523 1338 613 1378 caeco
637 1321 756 1380 turbine
778 1328 851 1380 vota
872 1339 949 1377 mea.

321 1407 413 1482 Quod
435 1406 531 1464 solum
553 1405 647 1481 potui,
671 1407 797 1465 summis
817 1414 848 1464 te
866 1404 953 1476 iuris,
976 1410 1006 1459 et
1026 1400 1115 1476 aequi

362 1490 486 1551 Artibus
508 1490 598 1547 eduxi
619 1490 718 1550 laudis
743 1491 782 1549 ad
803 1509 892 1549 omne
914 1505 1020 1567 genus.

320 1577 407 1636 Haec
427 1575 580 1651 patefacta
600 1575 650 1634 via
674 1584 731 1648 est,
753 1576 889 1636 sinerent
910 1594 928 1632 o
948 1580 1069 1632 caetera
1088 1569 1173 1628 Divi.

362 1660 518 1720 Hactenus
541 1661 684 1735 auspiciis
703 1663 759 1719 hoc
779 1669 867 1736 potes
890 1677 959 1718 esse
980 1658 1067 1716 meis.

321 1745 464 1814 Dixerat,
488 1753 517 1802 et
538 1743 681 1804 lacrimae
701 1746 795 1804 verba
814 1744 993 1822 imperfecta
1012 1749 1134 1804 secutae

364 1829 505 1908 Singultu
525 1830 642 1890 medios
666 1831 803 1909 eripuere
826 1849 932 1890 sonos.

320 1916 435 1988 Fatalis
452 1915 582 1988 iuvenis,
599 1917 769 1976 iustissima
790 1935 862 1974 cura
881 1919 1051 1992 parentum,

362 2000 448 2075 Quae
472 2008 520 2060 sat
542 2000 598 2059 erit
617 2001 702 2060 morti
725 2011 842 2060 moesta
863 1997 986 2076 querela
1006 1998 1099 2056 tuae?

321 2086 464 2163 Aspicis?
486 2092 583 2142 atrato
606 2087 706 2144 sordet
725 2105 806 2144 nnuc
824 2087 907 2144 curia
926 2082 1023 2142 cultu:

363 2171 575 2245 Iustitiamque
597 2170 684 2228 hodie
709 2171 847 2246 publicus
869 2170 953 2228 urbis
976 2186 1063 2226 amor

322 2255 446 2313 Indixit.
488 2262 554 2312 tota
576 2261 623 2312 est
646 2255 718 2314 urbs
740 2255 847 2314 funere
868 2256 958 2313 funus
982 2253 1014 2310 in
1036 2270 1109 2322 uno,

363 2341 403 2400 Et
423 2346 510 2418 putat
534 2340 633 2398 efferri
651 2359 685 2400 se
707 2360 828 2418 quoque
847 2348 944 2400 morte
966 2349 1027 2397 tua
1049 2364 1052 2369 ·

321 2425 391 2485 Heu
413 2433 556 2501 quantum
576 2434 624 2484 est
646 2445 722 2486 aevo
743 2426 856 2485 crimen
877 2426 994 2485 factura
1012 2424 1114 2481 futuro

363 2511 433 2570 Una
454 2511 556 2587 nigras
577 2512 719 2571 tenebras
743 2513 822 2570 inter
846 2511 986 2571 habenda
1008 2509 1084 2581 dies,

322 2594 407 2669 Quae
431 2604 529 2654 mutas
552 2596 648 2674 leges,
673 2599 830 2674 sanctique
851 2596 973 2656 silentia
993 2594 1068 2653 iuris

364 2677 520 2752 Cerneret,
541 2689 631 2756 atque
654 2683 720 2740 orbi
743 2682 854 2760 frigida
874 2700 968 2758 regna
990 2679 1072 2749 fori?

321 2762 404 2837 Quot
423 2764 510 2822 dotes
534 2766 628 2823 animi
647 2785 737 2842 quam
759 2773 854 2843 parvo
878 2766 986 2825 clausit
1006 2766 1038 2822 in
1060 2761 1152 2821 orbe?

362 2848 450 2908 Unus
472 2855 505 2905 ut
524 2849 684 2923 occideret,
706 2860 779 2927 quot
800 2851 918 2930 periere
937 2848 1040 2912 bonai

321 2932 374 3006 Di,
393 2933 500 3007 quibus
526 2941 572 2993 est
595 2934 695 2993 claras
720 2946 861 3012 suspecta
880 2936 1017 3013 potentie
1036 2931 1147 3011 gentis,

364 3017 440 3093 Quis
463 3025 596 3077 vestrum
615 3026 717 3077 tantae
742 3023 874 3095 pererit
895 3019 1050 3080 invidiae?

321 3103 448 3175 Inunc‚
470 3102 597 3179 deplora
618 3113 778 3181 congestos
807 3107 918 3184 stragis
941 3122 1078 3177 acervos,

363 3188 556 3262 Plurimaque
575 3188 679 3247 hostili
700 3190 797 3249 millia
817 3210 908 3251 caesa
927 3212 1027 3250 manu.

324 3273 436 3333 Omnia
458 3293 520 3331 non
540 3280 655 3331 certent
674 3274 744 3332 huic
763 3276 816 3333 uni
839 3277 947 3335 funera
969 3278 1090 3334 damno.

363 3359 499 3418 Iacturas
524 3376 630 3417 omnes
655 3359 755 3417 obruit
773 3380 835 3419 una
851 3362 926 3421 dies.

322 3441 393 3500 Heu
414 3444 530 3502 iuvenis
551 3442 736 3503 miserande:
757 3455 810 3504 tuo
829 3465 909 3504 nunc
930 3447 1055 3504 subruta
1078 3462 1151 3503 casu

363 3528 421 3586 Est
441 3529 560 3602 domus,
585 3536 614 3587 et
635 3528 733 3605 gentis
757 3548 829 3607 spes
851 3531 1002 3589 labefacta
1023 3538 1110 3588 tuse:

322 3608 420 3686 Quam
438 3614 507 3689 pius
526 3614 593 3689 ipse
614 3613 731 3672 Parens
754 3622 840 3673 exte
863 3616 1064 3691 suspenderat
1087 3632 1220 3690 omnem,

363 3698 495 3757 Foverct
514 3706 543 3756 st
562 3700 652 3757 tacito
674 3698 796 3757 credula
812 3707 886 3758 vota
907 3700 985 3775 sinn,

323 3782 365 3843 Ut
384 3801 492 3860 posses
513 3784 614 3843 oneris
638 3803 766 3864 magnae
787 3785 948 3845 succedere
969 3786 1062 3863 parti,
