<?xml version="1.0" encoding="UTF-8"?>
<!DOCTYPE html PUBLIC "-//W3C//DTD XHTML 1.0 Transitional//EN"
    "http://www.w3.org/TR/xhtml1/DTD/xhtml1-transitional.dtd">
<html xmlns="http://www.w3.org/1999/xhtml" xml:lang="en" lang="en">
 <head>
  <title>
</title>
<meta http-equiv="Content-Type" content="text/html;charset=utf-8" />
  <meta name='ocr-system' content='tesseract 3.04.00' />
  <meta name='ocr-capabilities' content='ocr_page ocr_carea ocr_par ocr_line ocrx_word'/>
</head>
<body>
  <div class='ocr_page' id='page_1' title='image "./poemataomnia00scalgoog_0405.png"; bbox 0 0 2884 4650; ppageno 0'>
   <div class='ocr_carea' id='block_1_1' title="bbox 751 514 901 608">
    <p class='ocr_par' dir='ltr' id='par_1_1' title="bbox 751 514 901 608">
     <span class='ocr_line' id='line_1_1' title="bbox 751 514 901 608; baseline -0.007 -34"><span class='ocrx_word' id='word_1_1' title='bbox 751 514 901 608; x_wconf 47' lang='lat' dir='ltr'>Loc-</span> 
     </span>
    </p>
   </div>
   <div class='ocr_carea' id='block_1_2' title="bbox 303 682 1222 3816">
    <p class='ocr_par' dir='ltr' id='par_1_2' title="bbox 303 682 1222 3816">
     <span class='ocr_line' id='line_1_2' title="bbox 379 682 1095 762; baseline -0.004 -18"><span class='ocrx_word' id='word_1_2' title='bbox 379 686 546 745; x_wconf 86' lang='lat' dir='ltr'>Gommune</span> <span class='ocrx_word' id='word_1_3' title='bbox 569 684 670 762; x_wconf 76' lang='lat' dir='ltr'>magni</span> <span class='ocrx_word' id='word_1_4' title='bbox 693 692 787 741; x_wconf 87' lang='lat' dir='ltr'>matre</span> <span class='ocrx_word' id='word_1_5' title='bbox 808 702 875 741; x_wconf 89' lang='lat' dir='ltr'>cum</span> <span class='ocrx_word' id='word_1_6' title='bbox 898 682 1095 757; x_wconf 77' lang='lat' dir='ltr'><strong>Sarpedonis,</strong></span> 
     </span>
     <span class='ocr_line' id='line_1_3' title="bbox 303 766 1222 845; baseline -0.001 -16"><span class='ocrx_word' id='word_1_7' title='bbox 303 773 369 829; x_wconf 76' lang='grc'>1085</span> <span class='ocrx_word' id='word_1_8' title='bbox 379 770 462 844; x_wconf 80' lang='lat' dir='ltr'>Quas</span> <span class='ocrx_word' id='word_1_9' title='bbox 485 778 595 845; x_wconf 88' lang='lat' dir='ltr'>pontus</span> <span class='ocrx_word' id='word_1_10' title='bbox 619 768 739 840; x_wconf 78' lang='lat' dir='ltr'>Helles,</span> <span class='ocrx_word' id='word_1_11' title='bbox 762 788 837 842; x_wconf 87' lang='lat' dir='ltr'>quaa</span> <span class='ocrx_word' id='word_1_12' title='bbox 859 777 960 843; x_wconf 85' lang='lat' dir='ltr'>petrae</span> <span class='ocrx_word' id='word_1_13' title='bbox 985 766 1222 845; x_wconf 77' lang='lat' dir='ltr'>Symplegades,</span> 
     </span>
     <span class='ocr_line' id='line_1_4' title="bbox 379 853 1124 931; baseline -0.005 -18"><span class='ocrx_word' id='word_1_14' title='bbox 379 856 463 931; x_wconf 83' lang='lat' dir='ltr'>Quas</span> <span class='ocrx_word' id='word_1_15' title='bbox 487 853 706 931; x_wconf 86' lang='lat' dir='ltr'>Salmydissus,</span> <span class='ocrx_word' id='word_1_16' title='bbox 734 872 809 927; x_wconf 84' lang='lat' dir='ltr'>quas</span> <span class='ocrx_word' id='word_1_17' title='bbox 832 854 1006 929; x_wconf 88' lang='lat' dir='ltr'>inhospitus</span> <span class='ocrx_word' id='word_1_18' title='bbox 1025 853 1124 926; x_wconf 89' lang='lat' dir='ltr'>liquor</span> 
     </span>
     <span class='ocr_line' id='line_1_5' title="bbox 379 939 1079 1018; baseline -0.009 -17"><span class='ocrx_word' id='word_1_19' title='bbox 379 940 500 1018; x_wconf 86' lang='lat' dir='ltr'>Scythis</span> <span class='ocrx_word' id='word_1_20' title='bbox 523 941 712 1017; x_wconf 88' lang='lat' dir='ltr'>propinquus</span> <span class='ocrx_word' id='word_1_21' title='bbox 735 940 852 1014; x_wconf 90' lang='lat' dir='ltr'>rupium</span> <span class='ocrx_word' id='word_1_22' title='bbox 878 948 958 996; x_wconf 82' lang='lat' dir='ltr'>arcet</span> <span class='ocrx_word' id='word_1_23' title='bbox 980 939 1079 1008; x_wconf 86' lang='lat' dir='ltr'>obice,</span> 
     </span>
     <span class='ocr_line' id='line_1_6' title="bbox 380 1023 992 1101; baseline -0.01 -16"><span class='ocrx_word' id='word_1_24' title='bbox 380 1026 554 1099; x_wconf 81' lang='lat' dir='ltr'>Tanaisque</span> <span class='ocrx_word' id='word_1_25' title='bbox 576 1024 659 1083; x_wconf 93' lang='lat' dir='ltr'>nullo</span> <span class='ocrx_word' id='word_1_26' title='bbox 682 1024 833 1101; x_wconf 81' lang='lat' dir='ltr'><strong>gurgitum</strong></span> <span class='ocrx_word' id='word_1_27' title='bbox 854 1023 992 1099; x_wconf 87' lang='lat' dir='ltr'>contagio</span> 
     </span>
     <span class='ocr_line' id='line_1_7' title="bbox 380 1107 1132 1187; baseline -0.005 -18"><span class='ocrx_word' id='word_1_28' title='bbox 380 1112 512 1169; x_wconf 79' lang='lat' dir='ltr'>Mediam</span> <span class='ocrx_word' id='word_1_29' title='bbox 531 1110 670 1187; x_wconf 82' lang='lat' dir='ltr'>paludem</span> <span class='ocrx_word' id='word_1_30' title='bbox 692 1108 863 1179; x_wconf 83' lang='lat' dir='ltr'>dissecans,</span> <span class='ocrx_word' id='word_1_31' title='bbox 887 1118 1001 1185; x_wconf 86' lang='lat' dir='ltr'>gratam</span> <span class='ocrx_word' id='word_1_32' title='bbox 1020 1107 1132 1176; x_wconf 83' lang='lat' dir='ltr'>incolis</span> 
     </span>
     <span class='ocr_line' id='line_1_8' title="bbox 306 1192 1070 1273; baseline -0.008 -16"><span class='ocrx_word' id='word_1_33' title='bbox 306 1203 372 1258; x_wconf 76' lang='grc'>1090</span> <span class='ocrx_word' id='word_1_34' title='bbox 381 1196 490 1273; x_wconf 81' lang='lat' dir='ltr'>Algum</span> <span class='ocrx_word' id='word_1_35' title='bbox 515 1206 545 1253; x_wconf 88' lang='lat' dir='ltr'>et</span> <span class='ocrx_word' id='word_1_36' title='bbox 564 1195 706 1270; x_wconf 88' lang='lat' dir='ltr'>padarum</span> <span class='ocrx_word' id='word_1_37' title='bbox 731 1194 894 1267; x_wconf 90' lang='lat' dir='ltr'>perniones</span> <span class='ocrx_word' id='word_1_38' title='bbox 917 1192 1070 1263; x_wconf 90' lang='lat' dir='ltr'>flentibus,</span> 
     </span>
     <span class='ocr_line' id='line_1_9' title="bbox 381 1276 1068 1356; baseline -0.009 -14"><span class='ocrx_word' id='word_1_39' title='bbox 381 1283 422 1342; x_wconf 89' lang='lat' dir='ltr'>Ut</span> <span class='ocrx_word' id='word_1_40' title='bbox 442 1281 538 1356; x_wconf 89' lang='lat' dir='ltr'>primo</span> <span class='ocrx_word' id='word_1_41' title='bbox 561 1286 686 1356; x_wconf 87' lang='lat' dir='ltr'>pareant</span> <span class='ocrx_word' id='word_1_42' title='bbox 708 1276 811 1337; x_wconf 84' lang='lat' dir='ltr'>Carnii</span> <span class='ocrx_word' id='word_1_43' title='bbox 833 1286 945 1335; x_wconf 85' lang='lat' dir='ltr'>nautae</span> <span class='ocrx_word' id='word_1_44' title='bbox 964 1296 1068 1349; x_wconf 88' lang='lat' dir='ltr'>canes,</span> 
     </span>
     <span class='ocr_line' id='line_1_10' title="bbox 381 1362 1126 1439; baseline -0.004 -16"><span class='ocrx_word' id='word_1_45' title='bbox 381 1366 440 1439; x_wconf 78' lang='lat' dir='ltr'>Qui</span> <span class='ocrx_word' id='word_1_46' title='bbox 465 1367 565 1423; x_wconf 87' lang='lat' dir='ltr'>fronte</span> <span class='ocrx_word' id='word_1_47' title='bbox 587 1366 662 1423; x_wconf 92' lang='lat' dir='ltr'>roba</span> <span class='ocrx_word' id='word_1_48' title='bbox 684 1363 892 1422; x_wconf 86' lang='lat' dir='ltr'>tauriformem</span> <span class='ocrx_word' id='word_1_49' title='bbox 914 1362 1060 1439; x_wconf 85' lang='lat' dir='ltr'>virginem</span> <span class='ocrx_word' id='word_1_50' title='bbox 1122 1412 1126 1420; x_wconf 95' lang='lat'>.</span> 
     </span>
     <span class='ocr_line' id='line_1_11' title="bbox 381 1448 995 1526; baseline -0.007 -17"><span class='ocrx_word' id='word_1_51' title='bbox 381 1453 519 1526; x_wconf 87' lang='lat' dir='ltr'>Rapuere</span> <span class='ocrx_word' id='word_1_52' title='bbox 541 1450 657 1507; x_wconf 89' lang='lat' dir='ltr'>Lernes</span> <span class='ocrx_word' id='word_1_53' title='bbox 678 1448 836 1507; x_wconf 91' lang='lat' dir='ltr'>institores</span> <span class='ocrx_word' id='word_1_54' title='bbox 854 1449 995 1522; x_wconf 85' lang='lat' dir='ltr'>improbi,</span> 
     </span>
     <span class='ocr_line' id='line_1_12' title="bbox 383 1532 1051 1612; baseline -0.004 -15"><span class='ocrx_word' id='word_1_55' title='bbox 383 1536 533 1612; x_wconf 89' lang='lat' dir='ltr'>Sponsam</span> <span class='ocrx_word' id='word_1_56' title='bbox 555 1533 658 1593; x_wconf 89' lang='lat' dir='ltr'>ruinas</span> <span class='ocrx_word' id='word_1_57' title='bbox 681 1534 761 1591; x_wconf 87' lang='lat' dir='ltr'>ferre</span> <span class='ocrx_word' id='word_1_58' title='bbox 783 1532 942 1608; x_wconf 90' lang='lat' dir='ltr'>Memphiti</span> <span class='ocrx_word' id='word_1_59' title='bbox 963 1532 1051 1604; x_wconf 81' lang='lat' dir='ltr'>duci,</span> 
     </span>
     <span class='ocr_line' id='line_1_13' title="bbox 307 1617 1036 1695; baseline -0.014 -11"><span class='ocrx_word' id='word_1_60' title='bbox 307 1630 373 1684; x_wconf 73' lang='lat'>1295</span> <span class='ocrx_word' id='word_1_61' title='bbox 384 1620 456 1681; x_wconf 93' lang='lat' dir='ltr'>Odii</span> <span class='ocrx_word' id='word_1_62' title='bbox 477 1627 633 1677; x_wconf 87' lang='lat' dir='ltr'>moventes</span> <span class='ocrx_word' id='word_1_63' title='bbox 656 1618 743 1695; x_wconf 87' lang='lat' dir='ltr'>signa</span> <span class='ocrx_word' id='word_1_64' title='bbox 765 1618 883 1692; x_wconf 90' lang='lat' dir='ltr'>utrique</span> <span class='ocrx_word' id='word_1_65' title='bbox 905 1617 1007 1675; x_wconf 86' lang='lat' dir='ltr'>littori.</span> <span class='ocrx_word' id='word_1_66' title='bbox 1032 1659 1036 1664; x_wconf 86' lang='lat'>-</span> 
     </span>
     <span class='ocr_line' id='line_1_14' title="bbox 381 1702 1101 1780; baseline -0.003 -17"><span class='ocrx_word' id='word_1_67' title='bbox 381 1705 522 1779; x_wconf 87' lang='lat' dir='ltr'>Namque</span> <span class='ocrx_word' id='word_1_68' title='bbox 546 1712 576 1762; x_wconf 90' lang='lat' dir='ltr'>at</span> <span class='ocrx_word' id='word_1_69' title='bbox 595 1704 722 1780; x_wconf 81' lang='lat' dir='ltr'>rapinae</span> <span class='ocrx_word' id='word_1_70' title='bbox 743 1702 956 1761; x_wconf 90' lang='lat' dir='ltr'>contumeliam</span> <span class='ocrx_word' id='word_1_71' title='bbox 978 1722 1101 1780; x_wconf 83' lang='lat' dir='ltr'>gravem</span> 
     </span>
     <span class='ocr_line' id='line_1_15' title="bbox 382 1787 1027 1865; baseline -0.006 -16"><span class='ocrx_word' id='word_1_72' title='bbox 382 1790 532 1849; x_wconf 82' lang='lat' dir='ltr'>Florentia</span> <span class='ocrx_word' id='word_1_73' title='bbox 558 1790 630 1847; x_wconf 88' lang='lat' dir='ltr'>Idae</span> <span class='ocrx_word' id='word_1_74' title='bbox 654 1789 885 1865; x_wconf 80' lang='lat' dir='ltr'>expostulantes</span> <span class='ocrx_word' id='word_1_75' title='bbox 908 1787 1027 1846; x_wconf 90' lang='lat' dir='ltr'>incolae</span> 
     </span>
     <span class='ocr_line' id='line_1_16' title="bbox 384 1874 979 1951; baseline -0.01 -16"><span class='ocrx_word' id='word_1_76' title='bbox 384 1876 521 1947; x_wconf 89' lang='lat' dir='ltr'>Curetes,</span> <span class='ocrx_word' id='word_1_77' title='bbox 547 1874 683 1933; x_wconf 87' lang='lat' dir='ltr'>extulere</span> <span class='ocrx_word' id='word_1_78' title='bbox 704 1874 851 1951; x_wconf 87' lang='lat' dir='ltr'>captivam</span> <span class='ocrx_word' id='word_1_79' title='bbox 874 1874 979 1931; x_wconf 85' lang='lat' dir='ltr'>bovem</span> 
     </span>
     <span class='ocr_line' id='line_1_17' title="bbox 383 1958 968 2037; baseline -0.01 -17"><span class='ocrx_word' id='word_1_80' title='bbox 383 1961 516 2037; x_wconf 86' lang='lat' dir='ltr'>Paronis</span> <span class='ocrx_word' id='word_1_81' title='bbox 538 1960 619 2017; x_wconf 89' lang='lat' dir='ltr'>intra</span> <span class='ocrx_word' id='word_1_82' title='bbox 639 1959 828 2017; x_wconf 85' lang='lat' dir='ltr'>taurifrontis</span> <span class='ocrx_word' id='word_1_83' title='bbox 849 1958 968 2015; x_wconf 84' lang='lat' dir='ltr'>alveum</span> 
     </span>
     <span class='ocr_line' id='line_1_18' title="bbox 310 2042 1065 2121; baseline -0.016 -10"><span class='ocrx_word' id='word_1_84' title='bbox 310 2055 377 2111; x_wconf 85' lang='grc'>1300</span> <span class='ocrx_word' id='word_1_85' title='bbox 385 2047 434 2107; x_wconf 87' lang='lat' dir='ltr'>Ad</span> <span class='ocrx_word' id='word_1_86' title='bbox 456 2053 562 2105; x_wconf 86' lang='lat' dir='ltr'>sancta</span> <span class='ocrx_word' id='word_1_87' title='bbox 583 2045 696 2121; x_wconf 90' lang='lat' dir='ltr'>templa</span> <span class='ocrx_word' id='word_1_88' title='bbox 717 2044 875 2120; x_wconf 86' lang='lat' dir='ltr'>coniugem</span> <span class='ocrx_word' id='word_1_89' title='bbox 895 2042 1065 2119; x_wconf 88' lang='lat' dir='ltr'>Saraptiam</span> 
     </span>
     <span class='ocr_line' id='line_1_19' title="bbox 357 2128 962 2205; baseline -0.008 -15"><span class='ocrx_word' id='word_1_90' title='bbox 357 2170 359 2175; x_wconf 69' lang='lat'>,</span> <span class='ocrx_word' id='word_1_91' title='bbox 384 2131 513 2191; x_wconf 89' lang='lat' dir='ltr'>Dictaea</span> <span class='ocrx_word' id='word_1_92' title='bbox 535 2128 640 2189; x_wconf 82' lang='lat' dir='ltr'>Cretes</span> <span class='ocrx_word' id='word_1_93' title='bbox 663 2128 803 2191; x_wconf 86' lang='lat' dir='ltr'>Stellioni</span> <span class='ocrx_word' id='word_1_94' title='bbox 822 2128 962 2205; x_wconf 89' lang='lat' dir='ltr'>principi.</span> 
     </span>
     <span class='ocr_line' id='line_1_20' title="bbox 387 2212 1072 2289; baseline -0.007 -14"><span class='ocrx_word' id='word_1_95' title='bbox 387 2216 454 2275; x_wconf 89' lang='lat' dir='ltr'>Nec</span> <span class='ocrx_word' id='word_1_96' title='bbox 478 2216 536 2275; x_wconf 88' lang='lat' dir='ltr'>visi</span> <span class='ocrx_word' id='word_1_97' title='bbox 556 2216 668 2273; x_wconf 87' lang='lat' dir='ltr'>habere</span> <span class='ocrx_word' id='word_1_98' title='bbox 691 2222 749 2285; x_wconf 89' lang='lat' dir='ltr'>sat,</span> <span class='ocrx_word' id='word_1_99' title='bbox 768 2214 900 2271; x_wconf 86' lang='lat' dir='ltr'>ferentes</span> <span class='ocrx_word' id='word_1_100' title='bbox 921 2233 976 2289; x_wconf 90' lang='lat' dir='ltr'>par</span> <span class='ocrx_word' id='word_1_101' title='bbox 996 2212 1072 2287; x_wconf 89' lang='lat' dir='ltr'>pari,</span> 
     </span>
     <span class='ocr_line' id='line_1_21' title="bbox 384 2298 1085 2375; baseline -0.007 -13"><span class='ocrx_word' id='word_1_102' title='bbox 384 2301 521 2362; x_wconf 90' lang='lat' dir='ltr'>Ductore</span> <span class='ocrx_word' id='word_1_103' title='bbox 544 2300 663 2359; x_wconf 84' lang='lat' dir='ltr'>Teucro</span> <span class='ocrx_word' id='word_1_104' title='bbox 687 2300 740 2360; x_wconf 90' lang='lat' dir='ltr'>sed</span> <span class='ocrx_word' id='word_1_105' title='bbox 760 2318 901 2375; x_wconf 87' lang='lat' dir='ltr'>rapacem</span> <span class='ocrx_word' id='word_1_106' title='bbox 921 2298 1085 2357; x_wconf 84' lang='lat' dir='ltr'>exercitum</span> 
     </span>
     <span class='ocr_line' id='line_1_22' title="bbox 386 2382 1094 2460; baseline -0.007 -13"><span class='ocrx_word' id='word_1_107' title='bbox 386 2388 496 2447; x_wconf 84' lang='lat' dir='ltr'>Teucri</span> <span class='ocrx_word' id='word_1_108' title='bbox 515 2385 700 2446; x_wconf 86' lang='lat' dir='ltr'>Scamandro</span> <span class='ocrx_word' id='word_1_109' title='bbox 726 2404 793 2442; x_wconf 90' lang='lat' dir='ltr'>cum</span> <span class='ocrx_word' id='word_1_110' title='bbox 815 2393 940 2460; x_wconf 88' lang='lat' dir='ltr'>parente</span> <span class='ocrx_word' id='word_1_111' title='bbox 959 2382 1094 2442; x_wconf 87' lang='lat' dir='ltr'>Draucio</span> 
     </span>
     <span class='ocr_line' id='line_1_23' title="bbox 311 2469 1009 2546; baseline -0.011 -12"><span class='ocrx_word' id='word_1_112' title='bbox 311 2480 376 2535; x_wconf 81' lang='lat'>1305</span> <span class='ocrx_word' id='word_1_113' title='bbox 385 2474 497 2532; x_wconf 89' lang='lat' dir='ltr'>Misere</span> <span class='ocrx_word' id='word_1_114' title='bbox 519 2473 559 2530; x_wconf 89' lang='lat' dir='ltr'>ad</span> <span class='ocrx_word' id='word_1_115' title='bbox 581 2472 662 2530; x_wconf 88' lang='lat' dir='ltr'>alma</span> <span class='ocrx_word' id='word_1_116' title='bbox 683 2471 853 2546; x_wconf 89' lang='lat' dir='ltr'>Bebrycum</span> <span class='ocrx_word' id='word_1_117' title='bbox 875 2469 1009 2540; x_wconf 91' lang='lat' dir='ltr'>novalia,</span> 
     </span>
     <span class='ocr_line' id='line_1_24' title="bbox 384 2556 1076 2630; baseline -0.009 -13"><span class='ocrx_word' id='word_1_118' title='bbox 384 2559 504 2618; x_wconf 92' lang='lat' dir='ltr'>Bellum</span> <span class='ocrx_word' id='word_1_119' title='bbox 527 2558 660 2615; x_wconf 87' lang='lat' dir='ltr'>ferentes</span> <span class='ocrx_word' id='word_1_120' title='bbox 684 2556 836 2613; x_wconf 84' lang='lat' dir='ltr'>muribus:</span> <span class='ocrx_word' id='word_1_121' title='bbox 861 2574 986 2630; x_wconf 91' lang='lat' dir='ltr'>quorum</span> <span class='ocrx_word' id='word_1_122' title='bbox 1007 2562 1076 2613; x_wconf 87' lang='lat' dir='ltr'>satu</span> 
     </span>
     <span class='ocr_line' id='line_1_25' title="bbox 386 2639 1068 2714; baseline -0.01 -11"><span class='ocrx_word' id='word_1_123' title='bbox 386 2641 515 2703; x_wconf 85' lang='lat' dir='ltr'>Generis</span> <span class='ocrx_word' id='word_1_124' title='bbox 537 2643 658 2714; x_wconf 88' lang='lat' dir='ltr'>creasti,</span> <span class='ocrx_word' id='word_1_125' title='bbox 678 2639 833 2713; x_wconf 88' lang='lat' dir='ltr'>Dardaae,</span> <span class='ocrx_word' id='word_1_126' title='bbox 857 2649 975 2698; x_wconf 85' lang='lat' dir='ltr'>autores</span> <span class='ocrx_word' id='word_1_127' title='bbox 996 2639 1068 2710; x_wconf 89' lang='lat' dir='ltr'>mei,</span> 
     </span>
     <span class='ocr_line' id='line_1_26' title="bbox 385 2723 1184 2804; baseline -0.005 -18"><span class='ocrx_word' id='word_1_128' title='bbox 385 2726 510 2786; x_wconf 85' lang='lat' dir='ltr'>Ducena</span> <span class='ocrx_word' id='word_1_129' title='bbox 535 2728 670 2804; x_wconf 89' lang='lat' dir='ltr'>puellam</span> <span class='ocrx_word' id='word_1_130' title='bbox 693 2725 849 2796; x_wconf 83' lang='lat' dir='ltr'>Cressam,</span> <span class='ocrx_word' id='word_1_131' title='bbox 872 2725 1013 2783; x_wconf 80' lang='lat' dir='ltr'>Arisbam</span> <span class='ocrx_word' id='word_1_132' title='bbox 1036 2723 1184 2782; x_wconf 85' lang='lat' dir='ltr'>nobilem.</span> 
     </span>
     <span class='ocr_line' id='line_1_27' title="bbox 387 2810 1018 2884; baseline -0.008 -11"><span class='ocrx_word' id='word_1_133' title='bbox 387 2811 527 2874; x_wconf 87' lang='lat' dir='ltr'>Secundo</span> <span class='ocrx_word' id='word_1_134' title='bbox 550 2814 623 2871; x_wconf 90' lang='lat' dir='ltr'>item</span> <span class='ocrx_word' id='word_1_135' title='bbox 644 2813 754 2871; x_wconf 86' lang='lat' dir='ltr'>misere</span> <span class='ocrx_word' id='word_1_136' title='bbox 775 2811 894 2868; x_wconf 86' lang='lat' dir='ltr'>furaces</span> <span class='ocrx_word' id='word_1_137' title='bbox 916 2810 1018 2884; x_wconf 87' lang='lat' dir='ltr'>lupos,</span> 
     </span>
     <span class='ocr_line' id='line_1_28' title="bbox 311 2894 979 2973; baseline -0.009 -16"><span class='ocrx_word' id='word_1_138' title='bbox 311 2904 378 2958; x_wconf 85' lang='grc'>1310</span> <span class='ocrx_word' id='word_1_139' title='bbox 386 2898 429 2958; x_wconf 91' lang='lat' dir='ltr'>Ut</span> <span class='ocrx_word' id='word_1_140' title='bbox 448 2897 598 2973; x_wconf 92' lang='lat' dir='ltr'>uniplotio</span> <span class='ocrx_word' id='word_1_141' title='bbox 619 2897 717 2956; x_wconf 85' lang='lat' dir='ltr'>vallus</span> <span class='ocrx_word' id='word_1_142' title='bbox 742 2904 881 2954; x_wconf 87' lang='lat' dir='ltr'>avertant</span> <span class='ocrx_word' id='word_1_143' title='bbox 901 2894 979 2967; x_wconf 88' lang='lat' dir='ltr'>duci,</span> 
     </span>
     <span class='ocr_line' id='line_1_29' title="bbox 388 2979 1009 3056; baseline -0.011 -13"><span class='ocrx_word' id='word_1_144' title='bbox 388 2981 535 3043; x_wconf 84' lang='lat' dir='ltr'>Servabat</span> <span class='ocrx_word' id='word_1_145' title='bbox 554 2982 617 3040; x_wconf 84' lang='lat' dir='ltr'>acri</span> <span class='ocrx_word' id='word_1_146' title='bbox 636 2983 717 3056; x_wconf 89' lang='lat' dir='ltr'>quod</span> <span class='ocrx_word' id='word_1_147' title='bbox 740 2983 832 3040; x_wconf 90' lang='lat' dir='ltr'>draco</span> <span class='ocrx_word' id='word_1_148' title='bbox 853 2979 1009 3040; x_wconf 87' lang='lat' dir='ltr'>custodia:</span> 
     </span>
     <span class='ocr_line' id='line_1_30' title="bbox 387 3065 1036 3143; baseline -0.006 -17"><span class='ocrx_word' id='word_1_149' title='bbox 387 3068 446 3142; x_wconf 79' lang='lat' dir='ltr'>Qui</span> <span class='ocrx_word' id='word_1_150' title='bbox 467 3086 534 3125; x_wconf 89' lang='lat' dir='ltr'>cum</span> <span class='ocrx_word' id='word_1_151' title='bbox 554 3065 680 3143; x_wconf 81' lang='lat' dir='ltr'>Cyteam</span> <span class='ocrx_word' id='word_1_152' title='bbox 701 3068 818 3125; x_wconf 85' lang='lat' dir='ltr'>venerit</span> <span class='ocrx_word' id='word_1_153' title='bbox 836 3065 1036 3142; x_wconf 88' lang='lat' dir='ltr'>Libyaticam,</span> 
     </span>
     <span class='ocr_line' id='line_1_31' title="bbox 386 3151 1003 3228; baseline -0.008 -15"><span class='ocrx_word' id='word_1_154' title='bbox 386 3155 426 3213; x_wconf 81' lang='lat' dir='ltr'>Et</span> <span class='ocrx_word' id='word_1_155' title='bbox 447 3151 657 3228; x_wconf 89' lang='lat' dir='ltr'>quadrinarem</span> <span class='ocrx_word' id='word_1_156' title='bbox 679 3152 804 3226; x_wconf 91' lang='lat' dir='ltr'>sopiens</span> <span class='ocrx_word' id='word_1_157' title='bbox 824 3151 886 3210; x_wconf 79' lang='lat' dir='ltr'>olla</span> <span class='ocrx_word' id='word_1_158' title='bbox 905 3152 1003 3222; x_wconf 86' lang='lat' dir='ltr'>boam,</span> 
     </span>
     <span class='ocr_line' id='line_1_32' title="bbox 387 3235 1005 3314; baseline -0.01 -16"><span class='ocrx_word' id='word_1_159' title='bbox 387 3237 579 3298; x_wconf 84' lang='lat' dir='ltr'>Vomentium</span> <span class='ocrx_word' id='word_1_160' title='bbox 600 3235 686 3314; x_wconf 87' lang='lat' dir='ltr'>ignes</span> <span class='ocrx_word' id='word_1_161' title='bbox 709 3237 855 3310; x_wconf 88' lang='lat' dir='ltr'>presserit</span> <span class='ocrx_word' id='word_1_162' title='bbox 873 3236 1005 3293; x_wconf 91' lang='lat' dir='ltr'>dentalia</span> 
     </span>
     <span class='ocr_line' id='line_1_33' title="bbox 313 3320 993 3398; baseline -0.015 -10"><span class='ocrx_word' id='word_1_163' title='bbox 313 3335 379 3388; x_wconf 82' lang='grc'>1015</span> <span class='ocrx_word' id='word_1_164' title='bbox 388 3326 471 3386; x_wconf 86' lang='lat' dir='ltr'>Urva</span> <span class='ocrx_word' id='word_1_165' title='bbox 490 3322 642 3393; x_wconf 90' lang='lat' dir='ltr'>italorum,</span> <span class='ocrx_word' id='word_1_166' title='bbox 663 3320 761 3378; x_wconf 85' lang='lat' dir='ltr'>elixus</span> <span class='ocrx_word' id='word_1_167' title='bbox 779 3320 888 3378; x_wconf 88' lang='lat' dir='ltr'>immiti</span> <span class='ocrx_word' id='word_1_168' title='bbox 908 3340 993 3398; x_wconf 80' lang='lat' dir='ltr'>rogo,</span> 
     </span>
     <span class='ocr_line' id='line_1_34' title="bbox 387 3405 997 3481; baseline -0.013 -11"><span class='ocrx_word' id='word_1_169' title='bbox 387 3410 461 3470; x_wconf 89' lang='lat' dir='ltr'>Non</span> <span class='ocrx_word' id='word_1_170' title='bbox 483 3407 607 3467; x_wconf 89' lang='lat' dir='ltr'>abstulit</span> <span class='ocrx_word' id='word_1_171' title='bbox 625 3407 755 3464; x_wconf 88' lang='lat' dir='ltr'>libenter</span> <span class='ocrx_word' id='word_1_172' title='bbox 775 3405 872 3481; x_wconf 78' lang='lat' dir='ltr'>arvigi</span> <span class='ocrx_word' id='word_1_173' title='bbox 889 3415 997 3477; x_wconf 87' lang='lat' dir='ltr'>cutem,</span> 
     </span>
     <span class='ocr_line' id='line_1_35' title="bbox 388 3490 1163 3566; baseline -0.008 -11"><span class='ocrx_word' id='word_1_174' title='bbox 388 3495 451 3557; x_wconf 88' lang='lat' dir='ltr'>Sed</span> <span class='ocrx_word' id='word_1_175' title='bbox 474 3503 504 3552; x_wconf 90' lang='lat' dir='ltr'>et</span> <span class='ocrx_word' id='word_1_176' title='bbox 521 3494 672 3552; x_wconf 90' lang='lat' dir='ltr'>bidentem</span> <span class='ocrx_word' id='word_1_177' title='bbox 694 3497 802 3566; x_wconf 88' lang='lat' dir='ltr'>sponte</span> <span class='ocrx_word' id='word_1_178' title='bbox 822 3497 989 3549; x_wconf 84' lang='lat' dir='ltr'>sectantem</span> <span class='ocrx_word' id='word_1_179' title='bbox 1008 3490 1163 3562; x_wconf 81' lang='lat' dir='ltr'>auferens,</span> 
     </span>
     <span class='ocr_line' id='line_1_36' title="bbox 389 3566 1027 3653; baseline -0.011 -14"><span class='ocrx_word' id='word_1_180' title='bbox 389 3579 643 3650; x_wconf 82' lang='lat' dir='ltr'>Germanicidam,</span> <span class='ocrx_word' id='word_1_181' title='bbox 664 3576 836 3653; x_wconf 85' lang='lat' dir='ltr'>pestitatem</span> <span class='ocrx_word' id='word_1_182' title='bbox 860 3575 1001 3647; x_wconf 77' lang='lat' dir='ltr'>liberum,</span> <span class='ocrx_word' id='word_1_183' title='bbox 1023 3566 1027 3572; x_wconf 42' lang='lat'><em>ยน</em></span> 
     </span>
     <span class='ocr_line' id='line_1_37' title="bbox 388 3659 1106 3738; baseline -0.01 -16"><span class='ocrx_word' id='word_1_184' title='bbox 388 3664 481 3722; x_wconf 90' lang='lat' dir='ltr'>Picae</span> <span class='ocrx_word' id='word_1_185' title='bbox 502 3664 541 3723; x_wconf 93' lang='lat' dir='ltr'>ad</span> <span class='ocrx_word' id='word_1_186' title='bbox 562 3663 699 3738; x_wconf 89' lang='lat' dir='ltr'>loquacis</span> <span class='ocrx_word' id='word_1_187' title='bbox 722 3660 841 3720; x_wconf 88' lang='lat' dir='ltr'>alveum</span> <span class='ocrx_word' id='word_1_188' title='bbox 864 3661 1006 3738; x_wconf 79' lang='lat' dir='ltr'>aurigans</span> <span class='ocrx_word' id='word_1_189' title='bbox 1027 3659 1106 3732; x_wconf 86' lang='lat' dir='ltr'>tulit,</span> 
     </span>
     <span class='ocr_line' id='line_1_38' title="bbox 314 3744 1057 3816; baseline -0.008 -8"><span class='ocrx_word' id='word_1_190' title='bbox 314 3761 382 3816; x_wconf 72' lang='grc'>1300</span> <span class='ocrx_word' id='word_1_191' title='bbox 390 3749 563 3808; x_wconf 89' lang='lat' dir='ltr'>Humanum</span> <span class='ocrx_word' id='word_1_192' title='bbox 583 3749 621 3806; x_wconf 92' lang='lat' dir='ltr'>ab</span> <span class='ocrx_word' id='word_1_193' title='bbox 689 3747 696 3762; x_wconf 84' lang='lat'>&#39;</span> <span class='ocrx_word' id='word_1_194' title='bbox 737 3744 925 3808; x_wconf 81' lang='lat' dir='ltr'>Obaoaitiaia</span> <span class='ocrx_word' id='word_1_195' title='bbox 947 3763 1057 3804; x_wconf 90' lang='lat' dir='ltr'>sonum</span> 
     </span>
    </p>
   </div>
   <div class='ocr_carea' id='block_1_3' title="bbox 0 0 1463 4650">
    <p class='ocr_par' dir='ltr' id='par_1_3' title="bbox 0 0 1463 4650">
     <span class='ocr_line' id='line_1_39' title="bbox 0 0 1463 4650; baseline 0 0"><span class='ocrx_word' id='word_1_196' title='bbox 0 0 1463 4650; x_wconf 95' lang='lat' dir='ltr'> </span> 
     </span>
    </p>
   </div>
  </div>
 </body>
</html>
