2884 4650
618 544 768 643 „²33-

238 714 295 772 τοῦ
314 712 456 791 ποταμοῦ
481 708 523 771 τά
539 711 624 775 καίτοι
647 711 683 773 δὲ
703 708 953 773 καθελιυσθίιτσ
972 710 1140 797 ρέροντος1

281 792 366 877 ἅψεα
385 790 574 875 κρύσταλλος
592 795 718 860 παιδνὸν
741 792 842 877 ἔθριέε
854 793 944 940 κάρη.

237 874 319 946 εδνις
341 877 358 940 δ
380 876 541 961 τεφρωθὲν
562 878 660 962 μήτηρ
681 878 726 941 ἐνὶ
743 878 879 944 κάλπιδι,
911 881 979 940 εῖσα

281 963 369 1025 ὕδατι
389 960 479 1023 λοῖπ’.
495 958 611 1039 ἔτεκον,
633 964 789 1043 τοῦτοδὲ,
815 962 900 1047 φησὶ,
922 964 1002 1047 πυρί.

236 1179 429 1262 ΡθδδῙλΤλ
456 1179 634 1259 δδὸδθδλ
662 1178 811 1283 v‘ugflii,
835 1174 980 1279 Horatii,
1008 1182 1146 1282 cutum,

262 1280 405 1377 ΙΙὸΙιιΙΙί,
424 1278 602 1381 Propertii
616 1284 655 1359 εί
664 1279 815 1359 aliem
832 1304 959 1383 grum
972 1280 1120 1366 :addita

237 1432 438 1491 Prometheus
465 1430 610 1509 Aeschyli
635 1432 717 1510 apud
745 1430 940 1505 Ciceronem
964 1432 1146 1497 charaatere

602 1518 702 1576 Aeseh
725 1516 781 1575 leo.

228 1593 273 1668 Ὦ
297 1599 450 1680 συγγενεῖς
470 1591 604 1673 Τιτᾶνες,
627 1538 770 1681 Οὸροίὸοδ
790 1596 892 1678 τέκνα,

238 1682 330 1765 ὸρᾶτε
354 1682 729 1767 προσπεπασσαλευμένον
752 1681 876 1761 πέτραις

239 1764 351 1849 τρόπον
377 1766 524 1849 σκάφους,
548 1762 564 1826 δ
587 1764 680 1828 νύκτα
702 1766 939 1851 δειματούμενοι

238 1854 348 1913 ναῦται
369 1850 626 1932 προσορμίζουσιν
647 1848 678 1911 ἐν
691 1850 842 1934 τρικυμία.
932 1851 938 1865 ’

239 1934 321 1997 οὕτω
341 1930 463 2017 Κρόνου
483 1938 555 2000 παῖς
577 1932 608 1994 ἐν
630 1934 675 2020 ρά
696 1956 763 2017 αγγι
786 1934 817 2015 μ’
843 1934 867 1997 ὤ
893 1957 981 2019 μασε.

238 2017 398 2166 βούλευμα
421 2016 481 2099 μὲν,
498 2019 531 2079 τὸ
557 2018 633 2091 δῖον,
653 1957 692 2082 Ἱθ
870 1958 891 2080 θ
905 2018 984 2103 χεὶρ,

260 2124 274 2169 ς
295 2101 380 2185 τήνδ’
406 2100 520 2184 ἀράξας
542 2102 657 2185 σφηνὸς
676 2102 797 2187 αὐθάδη
820 2102 932 2187 γνάθον

238 2185 330 2271 ἄρθρ’
355 2184 577 2269 ἐστρέβλωσεν,
599 2182 626 2292 ηδ
647 2186 741 2256 τάλας
762 2187 929 2273 τεχνήματι

239 2271 376 2355 φρουράν
401 2293 436 2353 γε
458 2275 561 2354 κηρῶν
581 2268 669 2354 τηνδ’
692 2271 758 2360 ὀχῶ
780 2270 984 2356 πεπαρμένος.

237 2355 299 2440 ἤδη
325 2357 360 2418 δὲ
381 2356 496 2440 λάβρος
517 2359 560 2423 ὡς
580 2360 712 2440 τριταῖος
735 2355 766 2418 ἐν
791 2354 877 2443 μέρει

237 2443 375 2524 γαμφαῖς
395 2439 579 2523 σπαράσσων
602 2437 701 2524 Ζηνὸς
725 2443 740 2504 ό
764 2441 876 2524 πτηνὸς
896 2440 978 2504 κόων

239 2525 435 2609 λαφυστίαισι
457 2546 496 2605 με
515 2521 640 2605 γνάθοις
662 2525 833 2609 διαρταμεῖ,

239 2608 317 2692 ἄδην
342 2609 377 2672 δὲ
395 2609 490 2691 λαρὸν
506 2607 589 2692 ἧπαρ
614 2608 851 2691 ,ἐκθοινοόμενος

239 2695 388 2777 σμερδνὸν
409 2693 575 2775 κεκληγὼς,
598 2692 693 2777 ὑψόθι
715 2691 747 2756 θ’
764 2694 944 2776 ὁρμώμενος

239 2777 318 2862 οὐρᾷ
338 2778 415 2860 πρὸς
439 2775 536 2859 δδμὰν
558 2775 687 2861 αἵματος
706 2781 767 2861 μοῦ
786 2777 937 2860 γάννυται.
1010 2841 1013 2846 ,

237 2861 480 2946 κελαινόβρωτον
504 2859 530 2922 δ’
553 2860 636 2945 ἧπαρ
660 2865 702 2930 ὡς
724 2859 900 2946 ὀφέλλεται,

240 2945 489 3030 παλιμπόρευτος
507 2945 584 3028 πρὸς
606 2946 722 3054 τρορην
748 2944 897 3022 διέσσυτο,

240 3034 282 3099 ὥς
302 3029 388 3094 τόνδ’
413 3029 545 3112 ἀνάγκης
566 3051 701 3113 φρουρον
725 3029 865 3114 ἀλγεινῆς
885 3029 1002 3116 τρέφω,

238 3114 274 3184 δς
297 3117 400 3178 αἰανεῖ
418 3137 457 3198 με
480 3114 559 3185 ζωὸν
584 3114 693 3188 οἰκίζει
713 3120 809 3202 κακῷ.

236 3199 414 3282 ὴλοόμενος
430 3197 499 3281 γὰρ,
524 3199 567 3266 ὡς
587 3199 689 3280 δρᾶτε,
708 3201 785 3285 πρὸς
807 3199 879 3270 Διὸς

237 3288 370 3367 στερνῶν
392 3283 544 3366 ἀπείργειν
565 3285 677 3366 πτηνὸν
698 3267 760 3346 όντ’
783 3283 946 3370 ἀμηχανῶ.
1070 3345 1073 3350 ,

223 3367 338 3436 ὀότιυς
359 3367 509 3452 ἄνανδρος
527 3369 624 3450 κῆρας
644 3367 829 3451 ἐξεδεξάμην

236 3457 335 3516 κακοῦ
359 3451 499 3535 ματεόουν
522 3449 619 3536 τέρμα
638 3457 694 3516 τοῦ
718 3453 824 3516 θανεῖν
851 3449 950 3533 πόθῳ.

237 3535 342 3599 θανεῖν
364 3535 444 3606 ἅπαξ
469 3537 504 3598 δὲ
523 3537 600 3619 πρὸς
622 3538 695 3610 Διὸς
713 3535 884 3618 κωλύομαι.

236 3620 288 3684 καὶ
312 3620 371 3704 μὴν
388 3621 543 3684 κυκλώσει
566 3622 786 3706 μυριοπληθῶν
810 3617 884 3680 ἐτῶν
939 3617 944 3624 ’

237 3704 297 3789 δόη
318 3705 476 3788 δυσαλθὴς
498 3705 556 3812 ηδε
578 3729 630 3789 μοι
652 3705 838 3790 προσιζάνει,

238 3788 311 3852 ὅθεν
334 3792 506 3862 σταλάζουσ
541 3789 631 3870 ἡλίου
657 3790 759 3874 φοίβῳ
777 3785 848 3872 πυρὶ

695 2018 826 2098 φαίστου
851 2018 867 2080 δ
