2884 4650
697 589 846 620 “-7-

315 667 378 733 Sed
398 671 516 736 veniam
537 672 670 732 fortasse
691 681 794 731 meret.
818 692 876 730 non
896 671 1001 730 ultima
1021 691 1092 747 pars
1115 680 1164 732 est

359 755 483 829 Laudis,
501 755 533 815 in
555 756 743 819 Heinsiadae
764 757 876 834 scripta
894 757 990 817 fuisse
1011 757 1097 816 libro.

395 927 442 988 15.
486 927 525 986 Ia
547 927 745 988 Moncaadam
762 889 881 985 doctam
901 928 1150 1004 Burdipalenscm.

678 1022 749 1074 Nihil
765 1023 860 1072 fictum.

317 1089 558 1150 Summaenianis
579 1089 673 1150 Urbis
697 1094 728 1149 in
752 1093 950 1170 sepulcretis,

268 1221 271 1230 ,
315 1176 364 1233 Ad
380 1176 580 1254 prosedarum
602 1195 663 1234 non
684 1177 809 1236 trioboli
828 1178 933 1251 lustra,

314 1261 415 1320 Media
439 1259 573 1322 Suburra
595 1261 767 1320 bustuarias
790 1263 882 1321 aedes

315 1345 501 1414 Moncaudus
522 1345 646 1418 habitet,
669 1349 736 1421 quis
760 1348 900 1424 scpulcra
921 1346 1060 1422 vespillo,

317 1431 394 1505 Quis
418 1436 585 1506 anteponat
606 1430 653 1488 vel
674 1431 841 1492 Gemonias
867 1440 972 1491 tortor.

317 1514 398 1574 Situs
430 1515 486 1574 sed
506 1514 576 1573 illas
599 1517 848 1591 commodumque
870 1517 1070 1575 commendat:

315 1600 491 1659 Potentiore
509 1619 580 1658 nam
603 1602 743 1659 fruuntur
762 1610 897 1679 aspectu,

316 1684 382 1743 Nec
406 1686 469 1743 ulla
490 1704 598 1762 purum
619 1687 722 1763 tegula
740 1688 854 1745 invidet
876 1686 1003 1760 caelum,

315 1770 462 1845 Patetque
484 1778 587 1844 totum,
611 1771 700 1847 quale
721 1772 856 1830 Termini
880 1780 1000 1830 tectum.

316 1855 385 1914 Hoc
406 1855 526 1914 unicum
550 1863 598 1914 est
614 1855 755 1915 lacunar:
777 1858 868 1915 unica
888 1857 962 1914 haec
983 1856 1029 1914 illi

315 1941 464 2000 Fenestra
486 1941 568 2000 claro
591 1961 679 2002 mane
698 1942 800 2002 lumen
823 1943 961 2000 admittit.

316 2025 411 2084 Haec·
418 2046 474 2102 pro
495 2027 606 2084 camini
626 2028 732 2102 pervio
755 2029 836 2100 tubo,
857 2028 958 2104 nigros
1024 2100 1027 2106 .

317 2111 506 2180 Transmittit
528 2118 615 2169 extra
637 2113 809 2188 transfugas
834 2113 899 2168 heri
919 2112 1030 2171 fumos.

251 2242 254 2250 s
317 2197 402 2254 Haec
422 2216 474 2270 pro
496 2197 623 2271 perenni
643 2197 739 2269 fonte,
758 2197 808 2271 qui
831 2197 937 2272 procul
959 2197 1061 2268 distat,

316 2282 454 2339 Laxante
474 2287 566 2337 totum
587 2280 719 2339 nimbido
741 2282 843 2341 Iovem
866 2283 960 2355 caelo,

316 2366 456 2424 Demittit
476 2385 569 2424 urnae
591 2369 700 2442 sponte
724 2361 839 2427 defluos
861 2369 989 2427 imbres:

316 2451 518 2510 Tuscanicum
541 2450 587 2513 illi
604 2452 673 2524 hoc,
692 2453 751 2511 hoc
767 2453 940 2511 cavaedium
956 2462 1003 2513 est
1016 2452 1073 2513 illi.

316 2536 370 2594 Nil
390 2537 524 2605 exeunti,
548 2536 591 2593 nil
614 2545 642 2594 et
666 2539 768 2596 obstat
787 2539 923 2597 intranti:

316 2620 389 2680 Non
411 2622 567 2680 taediosae
589 2621 700 2697 pensili
719 2642 806 2694 mora
829 2624 940 2695 scalae,

316 2705 390 2764 Non
413 2706 621 2787 cochleaeltot
644 2708 798 2767 circularis
823 2708 985 2778 anfractus,

316 2790 389 2849 Non
415 2791 557 2847 eminenti
577 2793 728 2853 structiles
751 2793 862 2870 gradus
890 2791 987 2850 mole:

316 2877 374 2935 Est
393 2874 493 2933 facilis
515 2876 614 2934 aditus
637 2876 741 2949 limen,
762 2886 792 2935 et
811 2878 899 2954 pedis
915 2877 1008 2954 plani.

316 2962 377 3019 Pro
398 2979 546 3018 marmore
568 2961 650 3033 albo,
674 2963 942 3037 emblematumque
964 2962 1110 3035 tessellis

316 3046 424 3105 Dorsis
444 3045 555 3121 iniquis
578 3047 665 3103 tuber
684 3055 731 3104 est
754 3048 970 3124 pavimentum,

317 3131 409 3208 Quod
429 3138 476 3193 ter
496 3130 666 3206 quotannis,
687 3133 814 3205 cothis,
833 3142 885 3190 aut
904 3133 997 3191 semel
1021 3131 1126 3191 verrit:

316 3221 472 3276 Aearoton
491 3215 565 3273 illud
586 3218 721 3274 nomines
744 3216 815 3275 licet
837 3237 920 3276 sane.

317 3302 402 3366 intus
423 3300 563 3379 supellex
585 3302 696 3377 excipit
718 3301 806 3360 domo
828 3303 929 3380 digna,
991 3366 995 3372 ¹

317 3386 399 3443 Hero
424 3382 563 3464 supellex
585 3386 689 3462 digna:
711 3386 803 3444 debili
826 3387 945 3463 sponda

318 3471 426 3546 Tripes
450 3473 604 3549 grabatus,
627 3469 781 3529 scandulis
804 3473 900 3530 tribus
922 3479 1030 3543 tectus,

318 3555 379 3631 Qui
401 3556 587 3615 claudicante
608 3554 779 3615 semifultus
802 3556 834 3613 in
856 3575 988 3628 scamno,

317 3640 488 3715 Delumbie‚
511 3650 541 3699 et
557 3643 690 3715 luxatus,
715 3641 848 3716 integros
867 3649 959 3699 noctu

318 3727 402 3784 Hero
422 3726 612 3801 periculosus
633 3728 747 3787 invidet
769 3744 902 3784 somnos.
