2884 4650
583 546 734 639 -2—7-5—

489 706 609 791 Μηκέτι
629 732 672 778 τις
691 710 825 793 πτήΕειε.
1018 716 1114 796 ((49)

200 794 328 853 Frustra
351 795 460 870 aliquis
483 806 593 873 paveat
615 799 680 856 fera
699 798 762 857 tela
783 796 953 876 Cupidinis.
973 800 1030 859 Ille

244 878 357 938 Totum
377 880 410 937 iu
431 900 480 939 me
502 882 661 957 pharetrae
683 884 744 941 iam
766 885 905 943 vacuavit
927 903 1015 965 onus.

199 964 326 1023 Frustra
347 966 436 1024 etiam
458 966 592 1027 assultus
612 969 738 1026 alarum.
763 966 846 1026 Nam
860 969 1114 1047 mihipostquam

242 1048 413 1125 Impositos
429 1052 558 1127 pedibus
577 1062 702 1129 pectora
723 1054 837 1130 pressit
857 1057 965 1128 Amor,

198 1134 320 1193 Firmus
341 1135 520 1209 inhaerebit,
545 1139 737 1213 stabilisque:
758 1157 856 1213 neque
876 1140 946 1197 inde
968 1141 1113 1216 facesset,

243 1217 370 1292 Quando
394 1220 425 1278 in
448 1240 496 1279 me
518 1241 635 1297 pennas
657 1223 788 1283 abscidit
807 1223 861 1282 illo
883 1243 966 1284 auae.

465 1380 544 1448 Οὔτε
569 1385 659 1471 ῥόδον
684 1390 853 1471 στεφάνων.
1014 1395 1031 1461 ζ
1040 1395 1111 1472 (50)

199 1471 242 1530 Ut
259 1490 333 1531 rosa
354 1492 417 1532 non
438 1474 539 1533 minor
558 1482 605 1534 est
624 1486 722 1536 serto:
747 1478 792 1536 sic
814 1479 951 1538 vestibus
971 1478 1047 1556 ipsis

242 1556 312 1615 Non
336 1576 379 1630 es,
403 1560 561 1635 gemmatis
583 1562 757 1621 reticulisve
780 1563 888 1621 minor.

200 1640 392 1719 (laudarique
415 1651 468 1702 tao
487 1645 611 1703 baccata
630 1648 758 1707 monilia
777 1648 897 1721 cedunt,
942 1693 945 1699 ,

242 1728 439 1805 imparisque
462 1730 528 1787 auri
551 1732 631 1789 flava
651 1731 747 1791 nitela
769 1734 873 1793 comis.

143 1848 148 1857 „
197 1813 274 1871 Inde
297 1813 416 1888 quidem
439 1814 547 1873 rutilos
569 1816 750 1892 hyacinthus
773 1818 906 1893 fulgurat
925 1819 1025 1895 ignes,

241 1898 420 1958 huminibus
443 1900 531 1957 cedat
552 1901 606 1958 sed
624 1910 728 1959 tamen
746 1902 816 1977 ipsa
836 1902 907 1960 tuis.

198 1982 399 2043 Roscidulum
421 1983 512 2043 decus
537 1986 610 2059 oris,
634 1995 664 2045 et
689 1987 849 2044 emendata
869 1985 1011 2060 loquelae

242 2067 345 2129 Suada
364 2076 444 2141 tuae,
468 2069 597 2129 Veneris
616 2072 687 2147 quid
707 2072 769 2129 nisi
787 2078 887 2129 cestus
909 2071 937 2130 is
959 2071 1025 2131 est?

198 2152 316 2213 Cuncta
339 2154 413 2211 haec
434 2172 482 2212 me
503 2155 624 2214 furiant.
652 2157 707 2215 sed
728 2175 777 2214 me
797 2156 937 2216 solantur
960 2155 1067 2216 ocelli:

240 2239 277 2297 Iu
293 2239 365 2313 ¹quis
390 2258 461 2315 spes
485 2240 573 2299 sedes
596 2242 664 2299 fixit
684 2242 781 2300 amica
804 2260 886 2301 suas.

448 2405 509 2489 Τὴν
536 2407 603 2488 πρὶν
625 2408 871 2490 ἐνεσφρήγισσεν.
1014 2410 1109 2488 ζ(51)
1173 2406 1175 2411 ’

197 2495 257 2554 Illa
276 2495 321 2552 tui
343 2495 442 2553 vultus
463 2495 615 2570 quondam
637 2497 808 2572 praesentis
830 2497 931 2573 imago

242 2579 338 2654 Quam
349 2574 444 2657 ‘prius
462 2582 494 2638 in
514 2587 621 2639 nostro
642 2592 765 2656 pectore
790 2581 917 2656 sculpsit
935 2584 1039 2654 Amor,

196 2665 351 2742 Expuitur
370 2666 438 2724 tibi:
460 2686 508 2724 me
529 2666 685 2726 miseram:
708 2685 813 2724 verum
832 2685 893 2724 uua
915 2665 1035 2726 docaria

241 2749 341 2810 Corde
363 2769 433 2810 meo
454 2751 572 2827 specics
595 2757 655 2810 stat
674 2751 750 2808 mihi
767 2751 880 2826 scripta
901 2751 955 2809 tui.

197 2834 322 2896 Scilicet
344 2833 430 2894 hanc'
445 2837 535 2909 Orco,
557 2837 635 2894 hanc
657 2837 828 2908 ostendam4
850 2837 989 2910 barbare,
1007 2833 1088 2910 soli,

240 2919 383 2980 Criminis
403 2929 437 2979 ut
455 2922 567 2980 vindex
594 2920 707 2980 Cressa
732 2922 772 2980 sit
794 2940 871 2979 urna
891 2922 944 2980 tui.

479 3085 614 3169 Δηθύνει
635 3083 837 3168 Κλεοφάνης.
1011 3090 1028 3157 ζ
1036 3088 1108 3169 (52)

197 3175 241 3235 Ut
258 3183 363 3234 cessat¹
380 3173 598 3250 Cleophantiei
616 3174 713 3232 adhuc
734 3175 796 3233 iam
816 3177 907 3234 tertia
930 3174 1032 3251 coepit

239 3258 368 3317 Lumine
385 3260 559 3337 languidulo
578 3279 671 3337 parca
690 3261 814 3319 lucerna
834 3261 921 3319 mori.

197 3345 247 3402 Ah
267 3351 371 3420 pereat
391 3346 491 3404 cordis
514 3346 558 3404 sic
581 3347 711 3418 flamma,
733 3354 766 3403 ut
787 3347 908 3403 flamma
926 3343 1085 3402 lucernaez

240 3428 308 3488 Nec
330 3449 378 3487 mo
396 3431 537 3508 pervigili
555 3439 669 3490 torreat
688 3431 742 3488 illa
763 3430 839 3488 iace.

195 3513 246 3574 Ah
268 3516 388 3588 quoties
412 3517 560 3574 Venerem
580 3517 734 3575 iuraverat
755 3515 862 3586 affore,
885 3513 981 3586 primo

239 3599 396 3676 Vespere?
416 3601 459 3659 nil
478 3603 630 3674 homines,
652 3600 696 3659 nil
716 3601 790 3658 facit
808 3599 864 3656 illa
881 3597 974 3658 Deos.

842 3779 904 3841 18*
