2884 4650
760 540 822 600 268

379 708 532 769 Consertis
554 708 648 768 labris
672 710 711 767 ad
732 730 801 768 mea
821 710 908 769 labra
929 711 1011 769 suisl

338 880 435 957 (06)
608 872 766 959 Κηρύασω
787 877 838 939 τὸν
854 872 989 958 Ἔρωτα.

335 968 416 1027 Acer
436 970 532 1025 Amor
551 964 631 1023 lectu
656 966 780 1040 paribus
805 982 838 1022 se
858 963 983 1023 sustulit
1000 964 1058 1023 alis

377 1049 481 1109 Prima
499 1052 576 1109 luce.
597 1049 687 1125 Quis,
707 1070 747 1121 0,.
760 1048 859 1121 dieite,
880 1048 957 1106 vidit
976 1049 1065 1106 eum?

336 1135 433 1195 Dulce
456 1154 532 1212 puer
553 1135 707 1192 lacrimat:
728 1133 881 1211 petulans,
897 1134 1070 1209 simumque
1092 1136 1228 1195 renidett

379 1222 501 1298 Aliger:
527 1239 565 1278 ex
586 1219 718 1277 humeris
739 1220 821 1295 picta
842 1219 985 1295 pharetra
1007 1228 1107 1279 sonat.

337 1303 400 1367 Sed
417 1314 503 1383 patre
525 1324 584 1379 quo
604 1305 735 1381 genitae,
749 1303 792 1361 nil
806 1303 875 1361 dum
889 1303 963 1363 seio.
985 1305 1119 1364 Lucidus
1132 1307 1248 1380 aether,
1353 1349 1355 1362 .

379 1390 475 1448 Terra
496 1390 604 1462 ferum,
627 1399 656 1447 et
677 1396 790 1466 pontus
811 1390 1013 1466 progenuisse
1035 1399 1158 1468 negant.

338 1475 477 1535 Oderunt
497 1494 603 1533 omnes
624 1476 759 1533 omnino.
781 1478 822 1531 At
844 1475 989 1548 quaerite,
1009 1474 1117 1551 siqua

379 1560 513 1618 Ineautis
537 1560 646 1617 animis
667 1560 746 1617 retia
766 1559 863 1616 tendit
881 1560 989 1617 adhue.

336 1647 437 1721 Atque
459 1663 562 1702 eccum
583 1645 613 1702 in
632 1644 768 1703 latebris.
790 1644 896 1716 Video,
917 1644 1074 1721 iaqulatur.
1094 1646 1128 1705 in
1148 1646 1228 1723 ipsis

379 1729 561 1806 Zenophiles
587 1730 695 1803 oeulis,
719 1750 738 1789 0
760 1729 896 1807 fugitive,
917 1727 1005 1792 lates.

338 1899 434 1977 ζ(17)
600 1893 772 1957 Πωλείσθω
796 1896 847 1957 καὶ
870 1896 992 1977 ματρὸς.

336 1986 485 2056 Vaeneat,
510 1992 540 2041 et
559 1984 673 2061 gremio
693 1984 889 2058 requiescens
912 1984 1017 2042 matris
1039 1983 1174 2060 inipso:

378 2071 525 2128 Vaeneat.
550 2069 730 2127 indomitum
752 2088 804 2127 eur
826 2088 921 2145 genus
943 2069 1025 2127 istud
1046 2069 1115 2127 alo?

336 2157 376 2217 Et
393 2156 518 2226 simum,
543 2164 572 2211 et
592 2154 712 2212 volucre
731 2162 788 2226 est,
805 2161 836 2211 et
848 2164 952 2212 acutus
963 2154 1108 2229 imprimit
1119 2173 1249 2232 ungues,

378 2243 418 2299 Et
436 2240 500 2298 risu
522 2240 554 2297 in
574 2240 681 2297 mediis
702 2240 823 2297 fletibus
847 2258 902 2296 ora
923 2240 1027 2314 quatit.

336 2327 501 2386 Praeterea
522 2326 697 2400 durumque,
720 2323 904 2401 loquaxque,
928 2334 958 2382 et
976 2324 1089 2383 lumine
1110 2324 1249 2397 vibrans;

380 2411 477 2484 Quem
500 2430 599 2487 neque
619 2419 809 2474 mansuetum
833 2410 946 2468 dixerit
964 2411 1036 2486 ipsa
1053 2427 1178 2487 parens.

337 2496 436 2555 Totus
460 2497 637 2574 prodigium.
662 2494 724 2556 Sed
747 2503 883 2554 vaeneat.
906 2497 1026 2553 institor
1048 2495 1141 2554 adsis.

381 2579 415 2640 si
437 2582 491 2639 tibi
514 2583 697 2659 mancipium
718 2600 790 2638 cura
810 2601 932 2658 parare,
955 2582 1034 2638 veni.

337 2666 406 2724 Flet
425 2675 537 2739 tamen,
559 2686 639 2726 ecee.
659 2667 743 2725 Bono
759 2666 857 2724 animo
870 2685 914 2724 es.
924 2675 954 2723 te
965 2687 1024 2724 non
1039 2683 1095 2743 ego
1107 2667 1249 2739 vendam,

380 2750 440 2808 Hie
462 2769 528 2808 eum
552 2751 724 2829 Zenophila
744 2752 822 2824 vive,
850 2751 999 2827 simulque
1022 2770 1121 2809 mane.

339 2920 433 2997 ωδ)
590 2913 667 2978 Eine
687 2918 845 2980 Λυκαινίδι
865 2917 993 3002 Δορκὰς.

338 3006 470 3076 Dorcas,
493 3004 532 3075 ei,
554 3021 631 3079 quae
655 3024 689 3063 se
715 3005 877 3064 simulabat
901 3025 1012 3078 amare,
1035 3005 1180 3081 Lycaeui,

380 3090 451 3162 Dic,
474 3098 562 3164 capta
582 3108 632 3160 es3
654 3089 758 3147 Patuit
780 3099 915 3168 tempore
938 3092 1026 3149 fietus
1049 3094 1151 3149 Amor.

340 3261 436 3339 ζ<20)
593 3252 656 3323 Νὺξ
680 3257 794 3338 μακζοὴ,
819 3258 870 3319 καὶ
891 3262 997 3340 χεῖμα.

340 3346 417 3406 Nox
437 3345 538 3404 media
560 3350 607 3404 est
629 3352 666 3410 et,
681 3345 778 3402 saevit
789 3346 902 3404 hiems:
925 3345 1025 3403 media
1038 3344 1149 3404 oceidit
1161 3345 1253 3404 undis

383 3431 502 3490 Pleias:
526 3450 580 3508 ego
603 3430 642 3487 ad
663 3428 816 3488 Dominae
837 3430 985 3507 perpluor
1005 3431 1100 3488 imbre
1120 3429 1236 3488 fures..

339 3515 419 3574 Uror
440 3537 540 3575 amore
561 3515 706 3575 Helenes.
730 3513 812 3573 Nam
834 3523 904 3574 sunt
926 3534 963 3572 ea
985 3517 1047 3573 tela
1069 3514 1199 3588 doloris,

381 3599 450 3659 Non
475 3621 569 3676 amor,
590 3621 608 3661 e
626 3600 733 3678 rapido
752 3619 830 3676 quae
851 3600 923 3657 iacit
942 3601 1012 3677 igne
1033 3598 1148 3660 Venus.
