2884 4650
645 629 649 638 .
704 547 855 644 203.

325 713 427 772 Bobus
447 714 529 772 utin
548 714 710 788 trionibus,

325 799 365 856 Et
386 798 418 856 in
441 799 577 874 capellis,
601 799 721 858 aridum

324 883 518 960 Retingerem
538 903 681 943 cruorem.

326 966 381 1027 Oh.
423 967 504 1027 Nam
524 969 595 1044 quid
616 969 717 1028 dolere
739 961 815 1026 haec
835 970 917 1026 faeta
933 970 1084 1046 profuerit
1102 971 1182 1031 tibi?

324 1053 443 1112 Infecta
463 1054 544 1112 faeta
562 1074 621 1112 non
646 1062 732 1113 amnt
748 1061 830 1112 trram
855 1055 959 1112 vicem.

608 1139 637 1196 2.
660 1139 853 1214 Anttatropha
875 1141 959 1198 ΠΗ.

326 1222 387 1281 Hei
407 1224 540 1282 omnium
562 1232 677 1296 auctor,
698 1224 831 1282 omnium

283 1345 290 1348 -
326 1308 475 1367 Malorum
498 1309 584 1367 faber
605 1328 679 1384 puer
699 1309 840 1381 Laertae,

327 1395 470 1468 Leueque
491 1393 702 1470 publicumque
722 1393 913 1452 mendieimo-

329 1479 440 1536 -niumt
463 1487 496 1535 ut
513 1477 696 1554 triumphas:
723 1486 755 1535 ut
774 1479 952 1537 cachinnos:
972 1487 1006 1536 ut
1028 1497 1144 1556 crepas.

330 1561 385 1622 Ch.
427 1563 539 1621 Rident
555 1563 672 1621 volente
693 1564 825 1638 flentque
842 1564 986 1622 mortales
1009 1563 1085 1623 Deo.

329 1648 377 1707 Αἰ.
418 1648 540 1707 Utinam
560 1648 690 1706 viderem
711 1647 796 1706 illum
816 1649 939 1708 obrutus
962 1648 1035 1706 lieet
1054 1650 1153 1709 malis.
1208 1677 1221 1698 ·

260 1745 311 1799 385
329 1732 391 1790 Hei
412 1736 475 1790 me!
496 1733 545 1790 hei
566 1736 628 1791 me!

329 1816 384 1877 Oh.
427 1817 592 1894 Comperce
612 1817 721 1876 verbis.
755 1837 814 1892 quo
834 1818 865 1876 in
889 1826 970 1877 statu
992 1819 1035 1878 sis
1057 1839 1120 1878 non
1141 1820 1244 1881 videa.

634 1903 663 1960 3.
686 1902 878 1978 Antiatropta
905 1904 939 1962 V.

328 1987 376 2046 Ai.
421 1988 554 2045 Meorum
578 2008 595 2045 o
618 1990 740 2046 atavum
760 1996 857 2065 pater,

329 2071 466 2146 Quanam
488 2083 563 2145 arte‚
586 2072 734 2149 Iuppiter,
755 2073 871 2131 vafrum

330 2157 470 2233 Undique
495 2157 660 2215 oireitorem
676 2157 735 2214 ini-

260 2246 312 2301 390
329 2243 451 2300 -mioum
472 2243 564 2315 ultus,
586 2250 675 2317 atque
697 2243 784 2300 ambo
805 2242 896 2300 dures
1000 2283 1004 2292 .

326 2329 439 2387 Malam
458 2337 599 2405 oppetam
620 2329 688 2405 ipse
706 2327 851 2387 mortem?

329 2412 401 2473 Teo.
447 2412 481 2474 Si
503 2413 784 2489 haecmomentis,
805 2414 989 2489 imprecator
1009 2420 1039 2471 et
1059 2414 1134 2471 mihi

328 2501 471 2558 Mortem:
493 2499 564 2574 quid
582 2517 660 2576 opus
685 2507 733 2559 est
753 2497 816 2557 vita
835 2498 918 2570 mihi,
941 2506 972 2555 te
992 2499 1134 2557 mortuo?

636 2584 665 2642 4.
690 2583 819 2658 Stropha
840 2584 930 2643 XVI.

329 2669 377 2726 Αἰ.
420 2670 521 2727 Meum
543 2689 560 2727 o
584 2668 658 2727 mihi
679 2669 766 2728 iubar
789 2670 942 2742 tenebrae,
970 2676 1000 2726 et
1021 2669 1115 2741 Oroe,¹

328 2754 398 2811 Lux
414 2754 517 2825 nitida,
539 2753 655 2812 lucida:

328 2837 449 2897 Habete
467 2857 515 2895 me
534 2840 628 2897 vestri
651 2840 795 2911 incolam,

329 2922 459 2981 Habete.
483 2941 539 2980 neo
559 2922 694 2983 Deorum
717 2924 809 2995 enim,

328 3007 438 3082 Neque
461 3008 588 3065 mortale
609 3009 764 3068 hominum

328 3094 404 3152 Mihi
428 3110 523 3170 genus
549 3091 652 3151 videre

220 3238 223 3249 ,
328 3180 402 3252 Fas,
425 3178 524 3236 inutili
541 3178 665 3237 eunetis.

331 3264 393 3325 Sed
413 3264 503 3322 ferox
523 3262 607 3321 Iovia
631 3270 733 3340 gnata,
754 3271 879 3339 perpete

329 3349 399 3407 Dea
421 3367 507 3407 crure
532 3367 579 3405 me
601 3348 734 3407 mulctat.

332 3434 419 3510 Quae
439 3434 531 3511 fugae¹
547 3434 617 3492 viai

332 3516 427 3589 Quem
447 3519 547 3577 locum
569 3519 698 3597 eligam?

330 3602 506 3678 Postquam,
530 3605 627 3678 amici,
652 3612 681 3662 et
703 3604 772 3676 hoo4
793 3612 824 3663 et
845 3604 903 3662 hoe

331 3687 439 3745 Interit
458 3689 557 3762 simul,

331 3773 508 3847 vanamque
533 3781 685 3851 capturam
708 3774 834 3851 egimus.
