2884 4650
611 537 670 596 lot

228 702 359 782 Semper
377 704 542 762 anhelabat
561 725 622 780 quo
644 715 697 764 tua
714 707 786 776 vite,
801 705 912 767 locum:

181 787 276 863 Quod
294 798 397 848 tamen
414 789 496 847 heud
515 791 633 867 pridem
655 792 735 850 carie
756 799 876 867 ereptus
896 795 1012 866 amicis,

224 880 327 951 Atque
345 874 409 932 illis
431 893 585 950 nunquam
606 875 836 951 conspiciendus
859 877 945 950 abes,

181 957 337 1020 Solvimur
356 958 389 1017 in
410 959 563 1020 lacrimas.
587 961 703 1020 Omnes
727 969 779 1018 tun
801 961 889 1038 elgue
908 965 1015 1037 secuti,

225 1045 266 1103 Et
286 1044 452 1103 commilitii
470 1053 594 1104 strenue
616 1046 752 1104 membra
771 1047 827 1119 tui,

179 1133 244 1190 Ant
265 1148 430 1189 memorem
451 1131 536 1188 clera
555 1137 705 1190 testantur
729 1147 804 1190 voce
827 1131 973 1208 dolorem,

223 1217 287 1274 Aut
310 1222 468 1274 contractu
488 1216 567 1274 notis
588 1215 726 1276 tristibus
748 1234 803 1274 ore
827 1226 944 1293 gerunt.

181 1297 297 1361 Sebam
319 1307 439 1358 matura
459 1301 614 1359 solverunt
633 1301 701 1365 futu¹
719 1310 857 1360 senectus

224 1385 363 1463 Longius
384 1392 433 1444 aet
453 1386 541 1445 nobis
564 1383 648 1446 Sebn
667 1386 813 1446 fruendus
839 1395 912 1446 erat.

181 1469 345 1546 Excipitur
366 1467 467 1530 Sebae
487 1472 627 1548 cognatis
649 1472 773 1547 spiritus
795 1472 900 1531 astris:

224 1557 285 1615 Ast
307 1553 408 1616 Sebae
429 1555 462 1613 in
482 1556 572 1615 terrie
594 1556 667 1614 utile
687 1564 793 1633 pectus
817 1569 890 1616 etet

181 1637 253 1699 Non
274 1640 363 1698 caelo
386 1641 552 1700 admissum
575 1640 761 1715 (quidecim
783 1641 902 1701 felicius
925 1641 1011 1722 illoi)

226 1723 289 1786 Sed
309 1733 410 1783 terrae
429 1732 565 1802 ereptum
584 1726 700 1784 femina
723 1727 828 1801 virque
847 1727 957 1790 dolent.

180 1811 240 1870 Est
261 1809 374 1886 aliquid
394 1811 506 1888 longae
527 1812 617 1868 linem
640 1812 817 1887 promittere
840 1812 930 1884 vitae,

223 1895 265 1954 ut
283 1896 357 1953 dere
376 1895 533 1954 discessus
556 1896 686 1973 pignora
705 1905 789 1953 certa
813 1895 871 1967 sui,

183 1980 285 2057 Quum
306 1981 421 2040 sensim
442 1981 577 2039 moriens
599 1981 707 2040 senior
724 1979 901 2058 longaevus,
920 1979 1025 2042 amicis

224 2065 425 2124 Moerendum
445 2065 555 2142 linquit
576 2073 647 2142 post
669 2083 726 2123 eun
747 2065 811 2122 fata
831 2063 918 2136 nihil,

179 2151 222 2211 Iit
245 2151 404 2210 moriendo
425 2151 534 2228 magis,
557 2169 646 2226 quum
667 2157 801 2209 mortuus
826 2149 920 2207 aflicit
939 2149 1021 2208 illos.

223 2234 306 2295 Nam
327 2236 453 2313 longum
474 2237 592 2294 eeuium
615 2235 732 2294 funeris
753 2234 969 2294 instarhabet.

182 2320 259 2399 Quis
280 2331 381 2380 tamen
399 2321 431 2379 in
444 2331 575 2398 patrem,
588 2340 677 2395 quem
692 2340 810 2380 summa
823 2330 947 2380 senecta
957 2320 1095 2394 resolvit,

221 2408 361 2485 Impendi
381 2407 524 2466 lacrimae
543 2408 621 2479 iure,
643 2424 754 2483 negare
773 2406 895 2482 potest?

180 2492 301 2551 Vixerit
322 2493 507 2565 innumeros,
528 2492 668 2566 aequarit
690 2490 845 2563 Nestoris3
867 2508 977 2565 nunus,

223 2578 365 2655 Implerit
388 2577 468 2636 vitae
485 2587 627 2654 tempora
647 2576 743 2653 longa
761 2594 848 2635 enac:

180 2662 366 2721 Immaturae
389 2662 463 2721 obit.
485 2661 615 2721 Pietatis
636 2660 713 2733 iura,
737 2668 895 2737 pareutum

222 2746 297 2807 Non
320 2748 412 2820 vitae,
435 2747 570 2806 lacrimis
592 2765 655 2804 non
676 2764 809 2823 posuere
831 2746 959 2805 modum.

179 2830 292 2893 Nullus
315 2841 349 2889 ut
369 2832 495 2911 optandi
516 2833 687 2909 longaevae
707 2839 842 2907 tempore
864 2830 955 2903 vitae,

223 2916 276 2979 Sic
296 2917 399 2977 nullus
417 2917 509 2975 flendi
531 2918 639 2975 funere
658 2917 729 2975 finis
753 2917 849 2976 adest.

181 3002 281 3077 Quum
300 3011 364 3075 tua,
385 3021 503 3061 summe
523 3003 632 3075 virdm,
655 3002 755 3078 pictae
779 3002 923 3079 exegerit,
944 3009 978 3058 ut
998 3008 1028 3057 te

222 3087 394 3148 Possemus
412 3088 485 3146 iusti
507 3088 601 3163 patrie
625 3087 739 3145 hebere
757 3086 839 3161 loco,

181 3170 259 3249 Quis
281 3181 405 3233 nostras
427 3173 549 3231 damnet
570 3172 736 3232 lacrimas?
759 3172 827 3248 quie
846 3173 918 3230 llere
936 3174 1093 3247 parentem

222 3258 476 3336 Intempestivum
497 3256 609 3315 dixerit
628 3256 784 3315 officium?

180 3338 290 3401 Stabat
313 3342 539 3420 Olympiadem,
560 3342 670 3414 fateor,
688 3342 749 3399 iam
773 3348 853 3400 mete
871 3350 1001 3409 tuarum,

222 3430 323 3504 Atque
345 3428 394 3487 bis
415 3428 594 3509 undecimae
613 3427 720 3487 tertius
743 3444 841 3485 annus
863 3431 938 3495 eret,
1082 3430 1085 3438 ’

178 3512 307 3572 Emeriti
329 3513 450 3589 quando
468 3520 500 3570 te
520 3520 595 3589 post
612 3512 768 3590 stipendia
785 3526 891 3569 cursus

223 3595 408 3676 Composuit
427 3598 548 3675 placido
569 3599 630 3656 line
645 3599 737 3656 beate
762 3595 864 3670 quice3
886 3635 888 3641 s

179 3680 319 3756 Qualiter
337 3684 472 3741 autumni
492 3691 581 3741 cocto
603 3682 747 3741 flaventia
767 3697 857 3738 succo

221 3766 362 3827 Pendula
378 3787 468 3844 poma
490 3786 546 3827 euo
568 3767 703 3843 pondere
717 3765 803 3825 fesen
827 3762 946 3822 cadunt.
