<?xml version="1.0" encoding="UTF-8"?>
<!DOCTYPE html PUBLIC "-//W3C//DTD XHTML 1.0 Transitional//EN"
    "http://www.w3.org/TR/xhtml1/DTD/xhtml1-transitional.dtd">
<html xmlns="http://www.w3.org/1999/xhtml" xml:lang="en" lang="en">
 <head>
  <title>
</title>
<meta http-equiv="Content-Type" content="text/html;charset=utf-8" />
  <meta name='ocr-system' content='tesseract 3.04.00' />
  <meta name='ocr-capabilities' content='ocr_page ocr_carea ocr_par ocr_line ocrx_word'/>
</head>
<body>
  <div class='ocr_page' id='page_1' title='image "./poemataomnia00scalgoog_0028.png"; bbox 0 0 2884 4650; ppageno 0'>
   <div class='ocr_carea' id='block_1_1' title="bbox 86 3758 88 3815">
    <p class='ocr_par' dir='ltr' id='par_1_1' title="bbox 86 3758 88 3815">
     <span class='ocr_line' id='line_1_1' title="bbox 86 3758 88 3815; baseline 0 0"><span class='ocrx_word' id='word_1_1' title='bbox 86 3758 88 3815; x_wconf 85' lang='lat' dir='ltr'><strong>l</strong></span> 
     </span>
    </p>
   </div>
   <div class='ocr_carea' id='block_1_2' title="bbox 639 506 677 565">
    <p class='ocr_par' dir='ltr' id='par_1_2' title="bbox 639 506 677 565">
     <span class='ocr_line' id='line_1_2' title="bbox 639 506 677 565; baseline 0.026 -1"><span class='ocrx_word' id='word_1_2' title='bbox 639 506 677 565; x_wconf 28' lang='lat'><strong>2¹1</strong></span> 
     </span>
    </p>
   </div>
   <div class='ocr_carea' id='block_1_3' title="bbox 583 576 734 604">
    <p class='ocr_par' dir='ltr' id='par_1_3' title="bbox 583 576 734 604">
     <span class='ocr_line' id='line_1_3' title="bbox 583 576 734 604; baseline -0.026 0"><span class='ocrx_word' id='word_1_3' title='bbox 583 576 734 604; x_wconf 59' lang='lat'><strong>4-—</strong></span> 
     </span>
    </p>
   </div>
   <div class='ocr_carea' id='block_1_4' title="bbox 201 674 1110 1175">
    <p class='ocr_par' dir='ltr' id='par_1_4' title="bbox 201 674 1109 822">
     <span class='ocr_line' id='line_1_4' title="bbox 201 674 1109 754; baseline 0 -20"><span class='ocrx_word' id='word_1_4' title='bbox 201 676 312 734; x_wconf 87' lang='lat' dir='ltr'><strong>Inflata</strong></span> <span class='ocrx_word' id='word_1_5' title='bbox 333 674 427 732; x_wconf 91' lang='lat' dir='ltr'><strong>verba</strong></span> <span class='ocrx_word' id='word_1_6' title='bbox 445 693 510 731; x_wconf 89' lang='lat' dir='ltr'><strong>rore</strong></span> <span class='ocrx_word' id='word_1_7' title='bbox 533 693 591 732; x_wconf 91' lang='lat' dir='ltr'><strong>non</strong></span> <span class='ocrx_word' id='word_1_8' title='bbox 613 676 757 734; x_wconf 87' lang='lat' dir='ltr'><strong>Achaico.</strong></span> <span class='ocrx_word' id='word_1_9' title='bbox 809 676 930 754; x_wconf 76' lang='lat' dir='ltr'><strong>[Verpil.</strong></span> <span class='ocrx_word' id='word_1_10' title='bbox 945 677 1031 736; x_wconf 82' lang='lat' dir='ltr'><strong>catal.</strong></span> <span class='ocrx_word' id='word_1_11' title='bbox 1041 677 1069 750; x_wconf 80' lang='lat'><strong>7,</strong></span> <span class='ocrx_word' id='word_1_12' title='bbox 1079 677 1109 752; x_wconf 89' lang='lat'><strong>1]</strong></span> 
     </span>
     <span class='ocr_line' id='line_1_5' title="bbox 202 758 817 822; baseline -0.003 -2"><span class='ocrx_word' id='word_1_13' title='bbox 202 759 321 822; x_wconf 89' lang='lat' dir='ltr'><strong>Stolide</strong></span> <span class='ocrx_word' id='word_1_14' title='bbox 343 759 443 816; x_wconf 84' lang='lat' dir='ltr'><strong>faceta</strong></span> <span class='ocrx_word' id='word_1_15' title='bbox 463 758 543 816; x_wconf 88' lang='lat' dir='ltr'><strong>ducit</strong></span> <span class='ocrx_word' id='word_1_16' title='bbox 566 761 645 817; x_wconf 91' lang='lat' dir='ltr'><strong>hunc</strong></span> <span class='ocrx_word' id='word_1_17' title='bbox 661 760 817 818; x_wconf 85' lang='lat' dir='ltr'><strong>vernilitas</strong></span> 
     </span>
    </p>

    <p class='ocr_par' dir='ltr' id='par_1_5' title="bbox 201 843 961 922">
     <span class='ocr_line' id='line_1_6' title="bbox 201 843 961 922; baseline 0.004 -19"><span class='ocrx_word' id='word_1_18' title='bbox 201 846 340 922; x_wconf 79' lang='lat' dir='ltr'>Linguae</span> <span class='ocrx_word' id='word_1_19' title='bbox 359 843 505 921; x_wconf 84' lang='lat' dir='ltr'><strong>elegantis</strong></span> <span class='ocrx_word' id='word_1_20' title='bbox 525 863 685 921; x_wconf 83' lang='lat' dir='ltr'>perperam</span> <span class='ocrx_word' id='word_1_21' title='bbox 704 846 850 904; x_wconf 86' lang='lat' dir='ltr'><strong>affectans</strong></span> <span class='ocrx_word' id='word_1_22' title='bbox 871 845 961 905; x_wconf 87' lang='lat' dir='ltr'><strong>sales.</strong></span> 
     </span>
    </p>

    <p class='ocr_par' dir='ltr' id='par_1_6' title="bbox 201 928 1110 1086">
     <span class='ocr_line' id='line_1_7' title="bbox 201 928 1110 1007; baseline -0.003 -17"><span class='ocrx_word' id='word_1_23' title='bbox 201 931 290 990; x_wconf 88' lang='lat' dir='ltr'><strong>Alius</strong></span> <span class='ocrx_word' id='word_1_24' title='bbox 303 928 445 1002; x_wconf 81' lang='lat' dir='ltr'><strong>loquendi</strong></span> <span class='ocrx_word' id='word_1_25' title='bbox 459 929 551 1005; x_wconf 87' lang='lat' dir='ltr'><strong>figere</strong></span> <span class='ocrx_word' id='word_1_26' title='bbox 568 931 691 1007; x_wconf 85' lang='lat' dir='ltr'><strong>ignarus</strong></span> <span class='ocrx_word' id='word_1_27' title='bbox 710 930 829 989; x_wconf 92' lang='lat' dir='ltr'><strong>modum</strong></span> <span class='ocrx_word' id='word_1_28' title='bbox 865 931 1110 1006; x_wconf 73' lang='lat' dir='ltr'><strong>[Douzapatcri]</strong></span> 
     </span>
     <span class='ocr_line' id='line_1_8' title="bbox 203 1013 813 1086; baseline -0.003 -11"><span class='ocrx_word' id='word_1_29' title='bbox 203 1014 379 1076; x_wconf 84' lang='lat' dir='ltr'><strong>Orationem</strong></span> <span class='ocrx_word' id='word_1_30' title='bbox 401 1013 531 1071; x_wconf 83' lang='lat' dir='ltr'><strong>admittit</strong></span> <span class='ocrx_word' id='word_1_31' title='bbox 552 1023 639 1072; x_wconf 84' lang='lat' dir='ltr'><strong>extra</strong></span> <span class='ocrx_word' id='word_1_32' title='bbox 656 1015 813 1086; x_wconf 84' lang='lat' dir='ltr'><strong>terminos,</strong></span> 
     </span>
    </p>

    <p class='ocr_par' dir='ltr' id='par_1_7' title="bbox 204 1099 900 1175">
     <span class='ocr_line' id='line_1_9' title="bbox 204 1099 900 1175; baseline -0.003 -17"><span class='ocrx_word' id='word_1_33' title='bbox 204 1102 302 1175; x_wconf 80' lang='lat' dir='ltr'><strong>Quem</strong></span> <span class='ocrx_word' id='word_1_34' title='bbox 325 1118 384 1156; x_wconf 91' lang='lat' dir='ltr'><strong>non</strong></span> <span class='ocrx_word' id='word_1_35' title='bbox 406 1099 533 1156; x_wconf 82' lang='lat' dir='ltr'><strong>habenis</strong></span> <span class='ocrx_word' id='word_1_36' title='bbox 556 1099 661 1158; x_wconf 80' lang='lat' dir='ltr'><strong>Circus</strong></span> <span class='ocrx_word' id='word_1_37' title='bbox 686 1099 790 1158; x_wconf 87' lang='lat' dir='ltr'><strong>effusis</strong></span> <span class='ocrx_word' id='word_1_38' title='bbox 810 1099 900 1175; x_wconf 84' lang='lat' dir='ltr'><strong>capit.</strong></span> 
     </span>
    </p>
   </div>
   <div class='ocr_carea' id='block_1_5' title="bbox 99 1183 838 1262">
    <p class='ocr_par' dir='ltr' id='par_1_8' title="bbox 99 1183 838 1262">
     <span class='ocr_line' id='line_1_10' title="bbox 99 1183 838 1262; baseline -0.008 -16"><span class='ocrx_word' id='word_1_39' title='bbox 99 1237 103 1256; x_wconf 80' lang='grc'><em>,</em></span> <span class='ocrx_word' id='word_1_40' title='bbox 204 1187 254 1246; x_wconf 82' lang='lat' dir='ltr'><strong>Sic</strong></span> <span class='ocrx_word' id='word_1_41' title='bbox 275 1183 427 1242; x_wconf 87' lang='lat' dir='ltr'><strong>incolendi</strong></span> <span class='ocrx_word' id='word_1_42' title='bbox 447 1183 547 1259; x_wconf 86' lang='lat' dir='ltr'><strong>perdit</strong></span> <span class='ocrx_word' id='word_1_43' title='bbox 569 1205 689 1242; x_wconf 90' lang='lat' dir='ltr'><strong>omnem</strong></span> <span class='ocrx_word' id='word_1_44' title='bbox 711 1185 838 1262; x_wconf 84' lang='lat' dir='ltr'><strong>gratiam</strong></span> 
     </span>
    </p>
   </div>
   <div class='ocr_carea' id='block_1_6' title="bbox 203 1267 1112 3385">
    <p class='ocr_par' dir='ltr' id='par_1_9' title="bbox 203 1267 1111 1344">
     <span class='ocr_line' id='line_1_11' title="bbox 203 1267 1111 1344; baseline -0.002 -16"><span class='ocrx_word' id='word_1_45' title='bbox 203 1272 237 1328; x_wconf 94' lang='lat' dir='ltr'><strong>In</strong></span> <span class='ocrx_word' id='word_1_46' title='bbox 257 1269 418 1327; x_wconf 73' lang='lat' dir='ltr'><strong>laxitatem</strong></span> <span class='ocrx_word' id='word_1_47' title='bbox 439 1268 517 1327; x_wconf 90' lang='lat' dir='ltr'><strong>ruris</strong></span> <span class='ocrx_word' id='word_1_48' title='bbox 537 1273 700 1328; x_wconf 81' lang='lat' dir='ltr'><strong>excurrens</strong></span> <span class='ocrx_word' id='word_1_49' title='bbox 723 1270 841 1328; x_wconf 87' lang='lat' dir='ltr'><strong>domus.</strong></span> <span class='ocrx_word' id='word_1_50' title='bbox 917 1267 1029 1344; x_wconf 80' lang='lat' dir='ltr'><strong>[Scaea</strong></span> <span class='ocrx_word' id='word_1_51' title='bbox 1039 1270 1069 1326; x_wconf 85' lang='lat' dir='ltr'><strong>il.</strong></span> <span class='ocrx_word' id='word_1_52' title='bbox 1079 1267 1111 1344; x_wconf 83' lang='lat'><strong>9]</strong></span> 
     </span>
    </p>

    <p class='ocr_par' dir='ltr' id='par_1_10' title="bbox 204 1351 1112 1430">
     <span class='ocr_line' id='line_1_12' title="bbox 204 1351 1112 1430; baseline -0.004 -14"><span class='ocrx_word' id='word_1_53' title='bbox 204 1355 341 1416; x_wconf 86' lang='lat' dir='ltr'><strong>Offendit</strong></span> <span class='ocrx_word' id='word_1_54' title='bbox 363 1353 437 1411; x_wconf 91' lang='lat' dir='ltr'><strong>alios</strong></span> <span class='ocrx_word' id='word_1_55' title='bbox 459 1353 591 1429; x_wconf 91' lang='lat' dir='ltr'><strong>planitas</strong></span> <span class='ocrx_word' id='word_1_56' title='bbox 614 1355 793 1429; x_wconf 87' lang='lat' dir='ltr'><strong>aequabilis,</strong></span> <span class='ocrx_word' id='word_1_57' title='bbox 966 1351 1112 1430; x_wconf 69' lang='lat' dir='ltr'><strong>[lipsius]</strong></span> 
     </span>
    </p>

    <p class='ocr_par' dir='ltr' id='par_1_11' title="bbox 204 1435 950 1516">
     <span class='ocr_line' id='line_1_13' title="bbox 204 1435 950 1516; baseline -0.003 -18"><span class='ocrx_word' id='word_1_58' title='bbox 204 1442 303 1516; x_wconf 78' lang='lat' dir='ltr'><strong>Quam</strong></span> <span class='ocrx_word' id='word_1_59' title='bbox 327 1437 442 1497; x_wconf 83' lang='lat' dir='ltr'><strong>Caesar</strong></span> <span class='ocrx_word' id='word_1_60' title='bbox 461 1438 544 1512; x_wconf 91' lang='lat' dir='ltr'><strong>olim,</strong></span> <span class='ocrx_word' id='word_1_61' title='bbox 570 1458 659 1514; x_wconf 86' lang='lat' dir='ltr'><strong>quam</strong></span> <span class='ocrx_word' id='word_1_62' title='bbox 678 1440 795 1498; x_wconf 83' lang='lat' dir='ltr'><strong>colebat</strong></span> <span class='ocrx_word' id='word_1_63' title='bbox 813 1435 950 1511; x_wconf 79' lang='lat' dir='ltr'><strong>Tullius3</strong></span> 
     </span>
    </p>

    <p class='ocr_par' dir='ltr' id='par_1_12' title="bbox 205 1523 961 1600">
     <span class='ocr_line' id='line_1_14' title="bbox 205 1523 961 1600; baseline -0.005 -15"><span class='ocrx_word' id='word_1_64' title='bbox 205 1523 391 1584; x_wconf 80' lang='lat' dir='ltr'><strong>Constrictae</strong></span> <span class='ocrx_word' id='word_1_65' title='bbox 412 1523 443 1580; x_wconf 89' lang='lat' dir='ltr'><strong>in</strong></span> <span class='ocrx_word' id='word_1_66' title='bbox 465 1531 576 1582; x_wconf 88' lang='lat' dir='ltr'><strong>arctum</strong></span> <span class='ocrx_word' id='word_1_67' title='bbox 597 1543 673 1599; x_wconf 93' lang='lat' dir='ltr'><strong>quos</strong></span> <span class='ocrx_word' id='word_1_68' title='bbox 691 1525 796 1584; x_wconf 92' lang='lat' dir='ltr'><strong>iuvant</strong></span> <span class='ocrx_word' id='word_1_69' title='bbox 816 1524 961 1600; x_wconf 81' lang='lat' dir='ltr'><strong>argutiae,</strong></span> 
     </span>
    </p>

    <p class='ocr_par' dir='ltr' id='par_1_13' title="bbox 205 1607 962 1689">
     <span class='ocr_line' id='line_1_15' title="bbox 205 1607 962 1689; baseline 0 -22"><span class='ocrx_word' id='word_1_70' title='bbox 205 1611 291 1686; x_wconf 85' lang='lat' dir='ltr'><strong>Quae</strong></span> <span class='ocrx_word' id='word_1_71' title='bbox 313 1628 369 1685; x_wconf 92' lang='lat' dir='ltr'><strong>per</strong></span> <span class='ocrx_word' id='word_1_72' title='bbox 389 1607 525 1666; x_wconf 87' lang='lat' dir='ltr'><strong>salebras</strong></span> <span class='ocrx_word' id='word_1_73' title='bbox 546 1610 690 1682; x_wconf 86' lang='lat' dir='ltr'><strong>saltitant,</strong></span> <span class='ocrx_word' id='word_1_74' title='bbox 711 1630 771 1668; x_wconf 93' lang='lat' dir='ltr'><strong>non</strong></span> <span class='ocrx_word' id='word_1_75' title='bbox 793 1609 962 1689; x_wconf 82' lang='lat' dir='ltr'><strong>ambulant3</strong></span> 
     </span>
    </p>

    <p class='ocr_par' dir='ltr' id='par_1_14' title="bbox 204 1692 844 1771">
     <span class='ocr_line' id='line_1_16' title="bbox 204 1692 844 1771; baseline -0.003 -18"><span class='ocrx_word' id='word_1_76' title='bbox 204 1697 252 1766; x_wconf 85' lang='lat' dir='ltr'><strong>Et,</strong></span> <span class='ocrx_word' id='word_1_77' title='bbox 275 1695 346 1752; x_wconf 91' lang='lat' dir='ltr'><strong>dum</strong></span> <span class='ocrx_word' id='word_1_78' title='bbox 368 1692 497 1770; x_wconf 86' lang='lat' dir='ltr'><strong>legentis</strong></span> <span class='ocrx_word' id='word_1_79' title='bbox 520 1695 624 1752; x_wconf 84' lang='lat' dir='ltr'><strong>haeret</strong></span> <span class='ocrx_word' id='word_1_80' title='bbox 646 1694 844 1771; x_wconf 83' lang='lat' dir='ltr'><strong>exspectatio,</strong></span> 
     </span>
    </p>

    <p class='ocr_par' dir='ltr' id='par_1_15' title="bbox 205 1777 1112 1939">
     <span class='ocr_line' id='line_1_17' title="bbox 205 1777 1112 1856; baseline -0.002 -19"><span class='ocrx_word' id='word_1_81' title='bbox 205 1778 447 1856; x_wconf 82' lang='lat' dir='ltr'><strong>Intelligendum,</strong></span> <span class='ocrx_word' id='word_1_82' title='bbox 469 1796 559 1852; x_wconf 91' lang='lat' dir='ltr'><strong>quam</strong></span> <span class='ocrx_word' id='word_1_83' title='bbox 579 1780 750 1856; x_wconf 86' lang='lat' dir='ltr'><strong>legendum,</strong></span> <span class='ocrx_word' id='word_1_84' title='bbox 767 1779 837 1856; x_wconf 87' lang='lat' dir='ltr'><strong>plus</strong></span> <span class='ocrx_word' id='word_1_85' title='bbox 851 1778 960 1836; x_wconf 87' lang='lat' dir='ltr'><strong>ferunt.</strong></span> <span class='ocrx_word' id='word_1_86' title='bbox 997 1777 1112 1854; x_wconf 73' lang='lat' dir='ltr'><strong>[Sanco.</strong></span> 
     </span>
     <span class='ocr_line' id='line_1_18' title="bbox 245 1862 1112 1939; baseline 0 -18"><span class='ocrx_word' id='word_1_87' title='bbox 245 1865 334 1939; x_wconf 75' lang='lat' dir='ltr'><strong>Quae</strong></span> <span class='ocrx_word' id='word_1_88' title='bbox 357 1862 486 1921; x_wconf 87' lang='lat' dir='ltr'><strong>delicata</strong></span> <span class='ocrx_word' id='word_1_89' title='bbox 508 1864 571 1922; x_wconf 91' lang='lat' dir='ltr'><strong>vult</strong></span> <span class='ocrx_word' id='word_1_90' title='bbox 592 1865 702 1922; x_wconf 88' lang='lat' dir='ltr'><strong>morari</strong></span> <span class='ocrx_word' id='word_1_91' title='bbox 722 1864 848 1935; x_wconf 89' lang='lat' dir='ltr'><strong>lumina,</strong></span> <span class='ocrx_word' id='word_1_92' title='bbox 1039 1865 1069 1921; x_wconf 87' lang='lat' dir='ltr'><strong>ll.</strong></span> <span class='ocrx_word' id='word_1_93' title='bbox 1083 1863 1112 1938; x_wconf 91' lang='lat'><strong>1]</strong></span> 
     </span>
    </p>

    <p class='ocr_par' dir='ltr' id='par_1_16' title="bbox 204 1948 961 2025">
     <span class='ocr_line' id='line_1_19' title="bbox 204 1948 961 2025; baseline -0.004 -18"><span class='ocrx_word' id='word_1_94' title='bbox 204 1952 241 2008; x_wconf 80' lang='lat' dir='ltr'><strong>m</strong></span> <span class='ocrx_word' id='word_1_95' title='bbox 256 1950 395 2025; x_wconf 89' lang='lat' dir='ltr'><strong>linquere</strong></span> <span class='ocrx_word' id='word_1_96' title='bbox 412 1948 531 2021; x_wconf 85' lang='lat' dir='ltr'><strong>animis,</strong></span> <span class='ocrx_word' id='word_1_97' title='bbox 547 1950 623 2023; x_wconf 91' lang='lat' dir='ltr'><strong>quod</strong></span> <span class='ocrx_word' id='word_1_98' title='bbox 641 1956 813 2025; x_wconf 90' lang='lat' dir='ltr'><strong>reportetur</strong></span> <span class='ocrx_word' id='word_1_99' title='bbox 829 1949 961 2021; x_wconf 94' lang='lat' dir='ltr'><strong>domum,</strong></span> 
     </span>
    </p>

    <p class='ocr_par' dir='ltr' id='par_1_17' title="bbox 205 2033 784 2106">
     <span class='ocr_line' id='line_1_20' title="bbox 205 2033 784 2106; baseline -0.009 -11"><span class='ocrx_word' id='word_1_100' title='bbox 205 2034 251 2096; x_wconf 87' lang='lat' dir='ltr'><strong>Sit</strong></span> <span class='ocrx_word' id='word_1_101' title='bbox 271 2033 457 2106; x_wconf 86' lang='lat' dir='ltr'><strong>succulenta,</strong></span> <span class='ocrx_word' id='word_1_102' title='bbox 479 2053 538 2091; x_wconf 92' lang='lat' dir='ltr'><strong>non</strong></span> <span class='ocrx_word' id='word_1_103' title='bbox 561 2035 655 2092; x_wconf 88' lang='lat' dir='ltr'><strong>obesa</strong></span> <span class='ocrx_word' id='word_1_104' title='bbox 678 2034 784 2105; x_wconf 87' lang='lat' dir='ltr'><strong>oratio,</strong></span> 
     </span>
    </p>

    <p class='ocr_par' dir='ltr' id='par_1_18' title="bbox 204 2119 835 2195">
     <span class='ocr_line' id='line_1_21' title="bbox 204 2119 835 2195; baseline -0.005 -17"><span class='ocrx_word' id='word_1_105' title='bbox 204 2119 346 2191; x_wconf 85' lang='lat' dir='ltr'><strong>Illustris,</strong></span> <span class='ocrx_word' id='word_1_106' title='bbox 362 2129 450 2195; x_wconf 84' lang='lat' dir='ltr'><strong>apta,</strong></span> <span class='ocrx_word' id='word_1_107' title='bbox 474 2119 597 2191; x_wconf 90' lang='lat' dir='ltr'><strong>nobilis,</strong></span> <span class='ocrx_word' id='word_1_108' title='bbox 617 2137 686 2178; x_wconf 87' lang='lat' dir='ltr'><strong>sese</strong></span> <span class='ocrx_word' id='word_1_109' title='bbox 707 2119 835 2176; x_wconf 86' lang='lat' dir='ltr'><strong>efferens</strong></span> 
     </span>
    </p>

    <p class='ocr_par' dir='ltr' id='par_1_19' title="bbox 203 2204 868 2275">
     <span class='ocr_line' id='line_1_22' title="bbox 203 2204 868 2275; baseline -0.005 -12"><span class='ocrx_word' id='word_1_110' title='bbox 203 2205 273 2263; x_wconf 89' lang='lat' dir='ltr'><strong>Non</strong></span> <span class='ocrx_word' id='word_1_111' title='bbox 292 2204 371 2261; x_wconf 89' lang='lat' dir='ltr'><strong>mole</strong></span> <span class='ocrx_word' id='word_1_112' title='bbox 394 2204 504 2275; x_wconf 88' lang='lat' dir='ltr'><strong>carnis,</strong></span> <span class='ocrx_word' id='word_1_113' title='bbox 528 2204 582 2262; x_wconf 88' lang='lat' dir='ltr'><strong>sed</strong></span> <span class='ocrx_word' id='word_1_114' title='bbox 605 2204 714 2262; x_wconf 89' lang='lat' dir='ltr'><strong>torosis</strong></span> <span class='ocrx_word' id='word_1_115' title='bbox 735 2205 868 2262; x_wconf 88' lang='lat' dir='ltr'><strong>artubus.</strong></span> 
     </span>
    </p>

    <p class='ocr_par' dir='ltr' id='par_1_20' title="bbox 205 2288 812 2366">
     <span class='ocr_line' id='line_1_23' title="bbox 205 2288 812 2366; baseline -0.007 -15"><span class='ocrx_word' id='word_1_116' title='bbox 205 2288 358 2352; x_wconf 87' lang='lat' dir='ltr'><strong>Sermonis</strong></span> <span class='ocrx_word' id='word_1_117' title='bbox 379 2289 439 2348; x_wconf 89' lang='lat' dir='ltr'><strong>ista</strong></span> <span class='ocrx_word' id='word_1_118' title='bbox 462 2289 587 2362; x_wconf 82' lang='lat' dir='ltr'><strong>sanitas,</strong></span> <span class='ocrx_word' id='word_1_119' title='bbox 609 2297 642 2348; x_wconf 92' lang='lat' dir='ltr'><strong>ut</strong></span> <span class='ocrx_word' id='word_1_120' title='bbox 665 2290 812 2366; x_wconf 84' lang='lat' dir='ltr'><strong>corporis3</strong></span> 
     </span>
    </p>

    <p class='ocr_par' dir='ltr' id='par_1_21' title="bbox 204 2368 949 2446">
     <span class='ocr_line' id='line_1_24' title="bbox 204 2368 949 2446; baseline -0.008 -11"><span class='ocrx_word' id='word_1_121' title='bbox 204 2377 276 2435; x_wconf 90' lang='lat' dir='ltr'><strong>Non</strong></span> <span class='ocrx_word' id='word_1_122' title='bbox 299 2394 376 2434; x_wconf 90' lang='lat' dir='ltr'><strong>sana</strong></span> <span class='ocrx_word' id='word_1_123' title='bbox 396 2381 511 2432; x_wconf 90' lang='lat' dir='ltr'><strong>tantum</strong></span> <span class='ocrx_word' id='word_1_124' title='bbox 533 2376 677 2446; x_wconf 88' lang='lat' dir='ltr'><strong>membra,</strong></span> <span class='ocrx_word' id='word_1_125' title='bbox 699 2394 803 2434; x_wconf 89' lang='lat' dir='ltr'><strong>verum</strong></span> <span class='ocrx_word' id='word_1_126' title='bbox 827 2368 949 2430; x_wconf 88' lang='lat' dir='ltr'><strong>alacria.</strong></span> 
     </span>
    </p>

    <p class='ocr_par' dir='ltr' id='par_1_22' title="bbox 206 2458 790 2531">
     <span class='ocr_line' id='line_1_25' title="bbox 206 2458 790 2531; baseline -0.009 -10"><span class='ocrx_word' id='word_1_127' title='bbox 206 2458 251 2522; x_wconf 84' lang='lat' dir='ltr'><strong>Sit</strong></span> <span class='ocrx_word' id='word_1_128' title='bbox 271 2480 431 2518; x_wconf 89' lang='lat' dir='ltr'><strong>aureorum</strong></span> <span class='ocrx_word' id='word_1_129' title='bbox 456 2459 522 2517; x_wconf 91' lang='lat' dir='ltr'><strong>luce</strong></span> <span class='ocrx_word' id='word_1_130' title='bbox 545 2461 703 2517; x_wconf 90' lang='lat' dir='ltr'><strong>verborum</strong></span> <span class='ocrx_word' id='word_1_131' title='bbox 725 2460 790 2531; x_wconf 86' lang='lat' dir='ltr'><strong>lita,</strong></span> 
     </span>
    </p>

    <p class='ocr_par' dir='ltr' id='par_1_23' title="bbox 206 2543 962 2620">
     <span class='ocr_line' id='line_1_26' title="bbox 206 2543 962 2620; baseline -0.005 -15"><span class='ocrx_word' id='word_1_132' title='bbox 206 2545 251 2607; x_wconf 81' lang='lat' dir='ltr'><strong>Sit</strong></span> <span class='ocrx_word' id='word_1_133' title='bbox 273 2552 395 2620; x_wconf 88' lang='lat' dir='ltr'><strong>compta</strong></span> <span class='ocrx_word' id='word_1_134' title='bbox 412 2545 514 2602; x_wconf 91' lang='lat' dir='ltr'><strong>nativa</strong></span> <span class='ocrx_word' id='word_1_135' title='bbox 533 2544 647 2615; x_wconf 89' lang='lat' dir='ltr'><strong>indole,</strong></span> <span class='ocrx_word' id='word_1_136' title='bbox 671 2552 700 2601; x_wconf 90' lang='lat' dir='ltr'><strong>et</strong></span> <span class='ocrx_word' id='word_1_137' title='bbox 721 2564 784 2602; x_wconf 91' lang='lat' dir='ltr'><strong>non</strong></span> <span class='ocrx_word' id='word_1_138' title='bbox 807 2543 962 2619; x_wconf 85' lang='lat' dir='ltr'><strong>squalidae</strong></span> 
     </span>
    </p>

    <p class='ocr_par' dir='ltr' id='par_1_24' title="bbox 204 2627 934 2705">
     <span class='ocr_line' id='line_1_27' title="bbox 204 2627 934 2705; baseline -0.008 -15"><span class='ocrx_word' id='word_1_139' title='bbox 204 2629 403 2705; x_wconf 86' lang='lat' dir='ltr'><strong>Antiquitatis</strong></span> <span class='ocrx_word' id='word_1_140' title='bbox 426 2629 564 2689; x_wconf 87' lang='lat' dir='ltr'><strong>obsoleta</strong></span> <span class='ocrx_word' id='word_1_141' title='bbox 588 2628 739 2687; x_wconf 90' lang='lat' dir='ltr'><strong>sordibus.</strong></span> <span class='ocrx_word' id='word_1_142' title='bbox 931 2627 934 2630; x_wconf 55' lang='lat'>‘</span> 
     </span>
    </p>

    <p class='ocr_par' dir='ltr' id='par_1_25' title="bbox 206 2712 922 2787">
     <span class='ocr_line' id='line_1_28' title="bbox 206 2712 922 2787; baseline -0.008 -12"><span class='ocrx_word' id='word_1_143' title='bbox 206 2716 256 2777; x_wconf 84' lang='lat' dir='ltr'><strong>Sic</strong></span> <span class='ocrx_word' id='word_1_144' title='bbox 280 2722 388 2773; x_wconf 88' lang='lat' dir='ltr'><strong>cuncta</strong></span> <span class='ocrx_word' id='word_1_145' title='bbox 408 2715 514 2787; x_wconf 89' lang='lat' dir='ltr'><strong>variet,</strong></span> <span class='ocrx_word' id='word_1_146' title='bbox 538 2721 654 2772; x_wconf 90' lang='lat' dir='ltr'><strong>constet</strong></span> <span class='ocrx_word' id='word_1_147' title='bbox 671 2721 704 2770; x_wconf 92' lang='lat' dir='ltr'><strong>ut</strong></span> <span class='ocrx_word' id='word_1_148' title='bbox 726 2712 834 2771; x_wconf 88' lang='lat' dir='ltr'><strong>similis</strong></span> <span class='ocrx_word' id='word_1_149' title='bbox 854 2712 922 2771; x_wconf 89' lang='lat' dir='ltr'><strong>sibi.</strong></span> 
     </span>
    </p>

    <p class='ocr_par' dir='ltr' id='par_1_26' title="bbox 205 2797 991 2876">
     <span class='ocr_line' id='line_1_29' title="bbox 205 2797 991 2876; baseline -0.008 -16"><span class='ocrx_word' id='word_1_150' title='bbox 205 2800 320 2861; x_wconf 86' lang='lat' dir='ltr'><strong>Similis</strong></span> <span class='ocrx_word' id='word_1_151' title='bbox 343 2799 401 2858; x_wconf 93' lang='lat' dir='ltr'><strong>sibi</strong></span> <span class='ocrx_word' id='word_1_152' title='bbox 422 2799 465 2857; x_wconf 89' lang='lat' dir='ltr'><strong>sio</strong></span> <span class='ocrx_word' id='word_1_153' title='bbox 488 2806 614 2871; x_wconf 90' lang='lat' dir='ltr'><strong>constet,</strong></span> <span class='ocrx_word' id='word_1_154' title='bbox 636 2807 669 2855; x_wconf 90' lang='lat' dir='ltr'><strong>ut</strong></span> <span class='ocrx_word' id='word_1_155' title='bbox 685 2798 769 2876; x_wconf 86' lang='lat' dir='ltr'><strong>varic</strong></span> <span class='ocrx_word' id='word_1_156' title='bbox 789 2797 880 2855; x_wconf 88' lang='lat' dir='ltr'><strong>iuvet.</strong></span> <span class='ocrx_word' id='word_1_157' title='bbox 989 2819 991 2822; x_wconf 93' lang='lat'>·</span> 
     </span>
    </p>

    <p class='ocr_par' dir='ltr' id='par_1_27' title="bbox 206 2882 931 2962">
     <span class='ocr_line' id='line_1_30' title="bbox 206 2882 931 2962; baseline -0.008 -17"><span class='ocrx_word' id='word_1_158' title='bbox 206 2888 304 2962; x_wconf 81' lang='lat' dir='ltr'><strong>Quem</strong></span> <span class='ocrx_word' id='word_1_159' title='bbox 325 2884 423 2960; x_wconf 89' lang='lat' dir='ltr'><strong>pascit</strong></span> <span class='ocrx_word' id='word_1_160' title='bbox 442 2885 560 2943; x_wconf 88' lang='lat' dir='ltr'><strong>avidum</strong></span> <span class='ocrx_word' id='word_1_161' title='bbox 584 2884 710 2943; x_wconf 91' lang='lat' dir='ltr'><strong>masculi</strong></span> <span class='ocrx_word' id='word_1_162' title='bbox 732 2902 838 2942; x_wconf 88' lang='lat' dir='ltr'><strong>succus</strong></span> <span class='ocrx_word' id='word_1_163' title='bbox 859 2882 931 2954; x_wconf 88' lang='lat' dir='ltr'><strong>stili,</strong></span> 
     </span>
    </p>

    <p class='ocr_par' dir='ltr' id='par_1_28' title="bbox 205 2969 841 3048">
     <span class='ocr_line' id='line_1_31' title="bbox 205 2969 841 3048; baseline -0.009 -17"><span class='ocrx_word' id='word_1_164' title='bbox 205 2970 334 3048; x_wconf 88' lang='lat' dir='ltr'><strong>Semper</strong></span> <span class='ocrx_word' id='word_1_165' title='bbox 353 2978 474 3027; x_wconf 86' lang='lat' dir='ltr'><strong>recente</strong></span> <span class='ocrx_word' id='word_1_166' title='bbox 493 2969 629 3045; x_wconf 85' lang='lat' dir='ltr'><strong>postulat</strong></span> <span class='ocrx_word' id='word_1_167' title='bbox 647 2970 731 3035; x_wconf 84' lang='lat' dir='ltr'><strong>refici</strong></span> <span class='ocrx_word' id='word_1_168' title='bbox 753 2969 841 3045; x_wconf 89' lang='lat' dir='ltr'><strong>dape.</strong></span> 
     </span>
    </p>

    <p class='ocr_par' dir='ltr' id='par_1_29' title="bbox 205 3053 774 3131">
     <span class='ocr_line' id='line_1_32' title="bbox 205 3053 774 3131; baseline -0.005 -17"><span class='ocrx_word' id='word_1_169' title='bbox 205 3058 244 3115; x_wconf 86' lang='lat' dir='ltr'><strong>Et</strong></span> <span class='ocrx_word' id='word_1_170' title='bbox 264 3054 416 3114; x_wconf 83' lang='lat' dir='ltr'><strong>audiendo</strong></span> <span class='ocrx_word' id='word_1_171' title='bbox 440 3054 636 3131; x_wconf 84' lang='lat' dir='ltr'><strong>vellegendo</strong></span> <span class='ocrx_word' id='word_1_172' title='bbox 656 3053 774 3126; x_wconf 78' lang='lat' dir='ltr'><strong>frivola,</strong></span> 
     </span>
    </p>

    <p class='ocr_par' dir='ltr' id='par_1_30' title="bbox 207 3137 1016 3216">
     <span class='ocr_line' id='line_1_33' title="bbox 207 3137 1016 3216; baseline -0.006 -16"><span class='ocrx_word' id='word_1_173' title='bbox 207 3140 343 3200; x_wconf 84' lang='lat' dir='ltr'><strong>Conviva</strong></span> <span class='ocrx_word' id='word_1_174' title='bbox 365 3149 508 3215; x_wconf 83' lang='lat' dir='ltr'><strong>tanquam</strong></span> <span class='ocrx_word' id='word_1_175' title='bbox 530 3138 670 3216; x_wconf 85' lang='lat' dir='ltr'><strong>languido</strong></span> <span class='ocrx_word' id='word_1_176' title='bbox 691 3137 848 3198; x_wconf 89' lang='lat' dir='ltr'><strong>stomacho</strong></span> <span class='ocrx_word' id='word_1_177' title='bbox 871 3139 1016 3208; x_wconf 88' lang='lat' dir='ltr'><strong>oscitans,</strong></span> 
     </span>
    </p>

    <p class='ocr_par' dir='ltr' id='par_1_31' title="bbox 207 3224 823 3295">
     <span class='ocr_line' id='line_1_34' title="bbox 207 3224 823 3295; baseline -0.006 -10"><span class='ocrx_word' id='word_1_178' title='bbox 207 3224 240 3286; x_wconf 85' lang='lat' dir='ltr'><strong>Si</strong></span> <span class='ocrx_word' id='word_1_179' title='bbox 261 3227 305 3284; x_wconf 91' lang='lat' dir='ltr'><strong>nil</strong></span> <span class='ocrx_word' id='word_1_180' title='bbox 328 3226 476 3283; x_wconf 87' lang='lat' dir='ltr'><strong>iacentem</strong></span> <span class='ocrx_word' id='word_1_181' title='bbox 498 3224 681 3281; x_wconf 85' lang='lat' dir='ltr'><strong>recreaverit</strong></span> <span class='ocrx_word' id='word_1_182' title='bbox 701 3224 823 3295; x_wconf 86' lang='lat' dir='ltr'><strong>famem,</strong></span> 
     </span>
    </p>

    <p class='ocr_par' dir='ltr' id='par_1_32' title="bbox 207 3305 1073 3385">
     <span class='ocr_line' id='line_1_35' title="bbox 207 3305 1073 3385; baseline -0.01 -16"><span class='ocrx_word' id='word_1_183' title='bbox 207 3310 313 3371; x_wconf 88' lang='lat' dir='ltr'><strong>Risum</strong></span> <span class='ocrx_word' id='word_1_184' title='bbox 335 3312 367 3368; x_wconf 94' lang='lat' dir='ltr'><strong>in</strong></span> <span class='ocrx_word' id='word_1_185' title='bbox 390 3310 581 3385; x_wconf 89' lang='lat' dir='ltr'><strong>quibusdam,</strong></span> <span class='ocrx_word' id='word_1_186' title='bbox 605 3328 745 3367; x_wconf 91' lang='lat' dir='ltr'><strong>somnum</strong></span> <span class='ocrx_word' id='word_1_187' title='bbox 764 3310 794 3366; x_wconf 93' lang='lat' dir='ltr'><strong>in</strong></span> <span class='ocrx_word' id='word_1_188' title='bbox 819 3308 887 3365; x_wconf 89' lang='lat' dir='ltr'><strong>aliis</strong></span> <span class='ocrx_word' id='word_1_189' title='bbox 907 3305 959 3362; x_wconf 86' lang='lat' dir='ltr'><strong>vix</strong></span> <span class='ocrx_word' id='word_1_190' title='bbox 981 3310 1073 3361; x_wconf 88' lang='lat' dir='ltr'><strong>tenet.</strong></span> 
     </span>
    </p>
   </div>
   <div class='ocr_carea' id='block_1_7' title="bbox 208 3475 1093 3809">
    <p class='ocr_par' dir='ltr' id='par_1_33' title="bbox 208 3475 1093 3809">
     <span class='ocr_line' id='line_1_36' title="bbox 224 3475 1093 3553; baseline -0.006 -16"><span class='ocrx_word' id='word_1_191' title='bbox 224 3481 289 3539; x_wconf 83' lang='lat' dir='ltr'><strong>Hoc</strong></span> <span class='ocrx_word' id='word_1_192' title='bbox 307 3499 421 3539; x_wconf 83' lang='lat' dir='ltr'><strong>carmen</strong></span> <span class='ocrx_word' id='word_1_193' title='bbox 440 3481 608 3553; x_wconf 76' lang='lat' dir='ltr'><strong>immiptum</strong></span> <span class='ocrx_word' id='word_1_194' title='bbox 626 3488 667 3536; x_wconf 81' lang='lat' dir='ltr'><strong>est</strong></span> <span class='ocrx_word' id='word_1_195' title='bbox 686 3478 762 3535; x_wconf 86' lang='lat' dir='ltr'><strong>Albo</strong></span> <span class='ocrx_word' id='word_1_196' title='bbox 783 3478 946 3532; x_wconf 78' lang='lat' dir='ltr'><strong>Amicorum</strong></span> <span class='ocrx_word' id='word_1_197' title='bbox 961 3475 1093 3534; x_wconf 77' lang='lat' dir='ltr'><strong>Danielis</strong></span> 
     </span>
     <span class='ocr_line' id='line_1_37' title="bbox 422 3561 904 3633; baseline -0.01 -12"><span class='ocrx_word' id='word_1_198' title='bbox 422 3564 542 3633; x_wconf 74' lang='lat' dir='ltr'><strong>Halasit,</strong></span> <span class='ocrx_word' id='word_1_199' title='bbox 566 3582 629 3620; x_wconf 84' lang='lat' dir='ltr'><strong>cum</strong></span> <span class='ocrx_word' id='word_1_200' title='bbox 651 3564 702 3620; x_wconf 80' lang='lat' dir='ltr'><strong>boc</strong></span> <span class='ocrx_word' id='word_1_201' title='bbox 726 3561 904 3619; x_wconf 77' lang='lat' dir='ltr'><strong>tetrasticho:</strong></span> 
     </span>
     <span class='ocr_line' id='line_1_38' title="bbox 208 3644 962 3718; baseline -0.003 -13"><span class='ocrx_word' id='word_1_202' title='bbox 208 3647 291 3707; x_wconf 87' lang='lat' dir='ltr'><strong>Haec</strong></span> <span class='ocrx_word' id='word_1_203' title='bbox 310 3649 418 3707; x_wconf 87' lang='lat' dir='ltr'><strong>melius</strong></span> <span class='ocrx_word' id='word_1_204' title='bbox 435 3649 534 3706; x_wconf 87' lang='lat' dir='ltr'><strong>fuerat</strong></span> <span class='ocrx_word' id='word_1_205' title='bbox 555 3648 687 3706; x_wconf 88' lang='lat' dir='ltr'><strong>tenebris</strong></span> <span class='ocrx_word' id='word_1_206' title='bbox 708 3647 850 3703; x_wconf 90' lang='lat' dir='ltr'><strong>damnata</strong></span> <span class='ocrx_word' id='word_1_207' title='bbox 869 3644 962 3718; x_wconf 89' lang='lat' dir='ltr'><strong>sileri,</strong></span> 
     </span>
     <span class='ocr_line' id='line_1_39' title="bbox 249 3730 884 3809; baseline -0.005 -17"><span class='ocrx_word' id='word_1_208' title='bbox 249 3734 288 3792; x_wconf 84' lang='lat' dir='ltr'><strong>Et</strong></span> <span class='ocrx_word' id='word_1_209' title='bbox 309 3734 407 3793; x_wconf 90' lang='lat' dir='ltr'><strong>maius</strong></span> <span class='ocrx_word' id='word_1_210' title='bbox 428 3734 557 3809; x_wconf 89' lang='lat' dir='ltr'><strong>pretium</strong></span> <span class='ocrx_word' id='word_1_211' title='bbox 581 3731 778 3791; x_wconf 89' lang='lat' dir='ltr'><strong>dissimulare.</strong></span> <span class='ocrx_word' id='word_1_212' title='bbox 792 3730 884 3789; x_wconf 85' lang='lat' dir='ltr'><strong>foret:</strong></span> 
     </span>
    </p>
   </div>
   <div class='ocr_carea' id='block_1_8' title="bbox 0 0 1458 4650">
    <p class='ocr_par' dir='ltr' id='par_1_34' title="bbox 0 0 1458 4650">
     <span class='ocr_line' id='line_1_40' title="bbox 0 0 1458 4650; baseline 0 0"><span class='ocrx_word' id='word_1_213' title='bbox 0 0 1458 4650; x_wconf 95' lang='lat' dir='ltr'><strong> </strong></span> 
     </span>
    </p>
   </div>
  </div>
 </body>
</html>
