2884 4650
562 561 712 655 ffl-

182 724 384 806 Giganticidia
407 727 578 805 interempti
601 729 728 806 spiculis

181 814 229 872 Ab
250 812 347 885 hoste,
372 812 469 871 obibit
489 821 586 872 morte
607 815 758 872 communi
778 815 858 874 diem

180 897 265 958 Palis
288 899 325 956 ab
346 897 417 957 altis
438 898 478 954 ad
499 899 628 956 cadaver
647 900 783 958 saucium

153 991 156 1000 ’
182 981 298 1058 Corpus
318 983 407 1040 ruina
427 1001 568 1042 cernuum
591 984 622 1042 in
643 1001 793 1062 praeceps
815 1005 926 1046 mensa

180 1068 221 1126 Et
244 1074 317 1125 tnnc
338 1068 469 1126 recentis
489 1069 550 1126 icta
569 1087 672 1128 amore
694 1071 812 1143 mortui,

180 1153 247 1211 Iam
265 1151 428 1229 palpitanti
449 1153 585 1230 spiritum
605 1154 720 1212 efflabit
742 1154 814 1214 viro.

180 1237 307 1315 Duplex
327 1245 412 1296 tuum
431 1238 601 1314 triplexque
622 1239 734 1296 bellum
761 1258 930 1316 conqueror

181 1323 231 1382 Ad
249 1340 334 1380 arma
352 1341 457 1383 rursus
481 1329 510 1381 et
529 1323 654 1399 rapinas
677 1325 807 1399 aedium,
1109 1325 1144 1379 70

182 1407 302 1482 Tuique
325 1414 355 1464 te
376 1407 475 1485 ignem
497 1417 641 1467 contuere
660 1408 803 1469 incendii.
920 1410 1093 1486 [contuerit]

181 1491 253 1552 Heu
272 1491 382 1568 patria,
404 1499 434 1550 et
455 1513 511 1552 vos
534 1494 623 1552 busta
642 1495 705 1552 nati
725 1495 891 1554 Atlantidis

181 1577 335 1636 Audacter
352 1577 501 1636 urinantis
525 1578 609 1650 olim,
632 1597 698 1637 cum
722 1587 790 1638 cute
886 1630 889 1637 .

183 1661 260 1724 Sata
278 1662 429 1722 reuinctus
452 1681 570 1740 corpus,
592 1671 659 1722 utre
682 1673 814 1738 scorteo,

182 1747 223 1806 Et
245 1747 341 1820 solus,
364 1755 397 1806 ut
417 1766 491 1824 aper
511 1749 684 1825 quadrupes
706 1749 890 1827 Hercynius,
1110 1751 1144 1805 75

182 1832 427 1908 Rbithymniates
446 1833 530 1891 navit
549 1841 582 1890 ut
599 1833 682 1892 larus
701 1834 821 1907 fretum,

183 1917 321 1977 Zerinthi
342 1919 457 1976 hiatum
480 1917 604 1994 virginis
627 1916 777 1976 Canariae

182 2004 351 2078 Linquens,
374 2002 536 2078 Deumque
557 2009 637 2060 tecta
656 2003 867 2062 Lucumonum
889 2001 997 2062 Saum:

185 2088 261 2148 Cum
282 2089 443 2150 corruebat
462 2106 579 2145 omnem
604 2088 727 2145 humum
747 2088 926 2165 Diespitris.

183 2174 296 2250 Rapax
318 2172 435 2248 aqualis
458 2172 590 2245 nimbus,
613 2182 642 2230 et
664 2181 766 2248 putres
785 2174 855 2233 solo

182 2259 278 2320 Falce
299 2259 477 2317 fatiscentes
498 2257 654 2330 lababant,
678 2266 709 2315 at
731 2277 828 2337 genus

183 2345 350 2405 Hominum
372 2344 623 2417 natabatultimo
645 2344 792 2420 periculo.

183 2432 226 2489 At
249 2431 362 2507 fagum,
386 2436 415 2486 et
433 2428 545 2487 almum
566 2429 706 2503 fructum,
729 2438 761 2487 et
778 2447 867 2488 uvam
889 2433 1038 2494 musteam

184 2516 343 2590 Oroaeque
365 2522 428 2571 tum
448 2514 631 2590 Delphines,
653 2522 744 2589 atque
767 2511 935 2573 masculum

183 2601 306 2661 Phocac
329 2600 482 2659 esitabant
500 2599 532 2657 in
552 2600 628 2657 ton's
650 2599 832 2657 mortalium.

184 2686 283 2745 Adest
303 2685 390 2745 adest
411 2686 463 2742 fax
483 2684 617 2743 involuta
634 2684 773 2742 incendio

185 2772 337 2830 Praedam
359 2770 391 2828 in
411 2770 570 2829 columbae
592 2777 689 2827 morte
712 2768 886 2827 multandae
909 2766 1006 2838 canis,

186 2856 296 2917 Vultur
318 2855 461 2932 palustris
484 2874 572 2929 quam
594 2854 687 2911 edidit
709 2862 778 2912 satu
799 2873 854 2913 suo

187 2941 301 3001 Testae
318 2941 463 2999 rotundae
486 2939 675 2999 convolutam
699 2939 825 2998 fornice.

186 3028 229 3085 At
247 3026 412 3102 hospitalis
432 3025 530 3082 infera
551 3024 633 3081 unda
649 3025 794 3102 remigem

188 3112 235 3171 Te
257 3111 445 3183 muricidam,
468 3128 523 3167 nec
548 3110 711 3167 bucerdam
732 3111 765 3168 iu
783 3109 890 3187 patriis

189 3196 293 3257 Oaulis
313 3203 489 3273 prementen
510 3195 646 3271 scrupeis
666 3194 765 3253 adhuc
784 3201 896 3266 manet,

187 3282 231 3343 Ut
251 3289 320 3339 ante
336 3279 569 3359 pulchritudiuis
588 3280 678 3337 trium
700 3281 860 3339 arbitrum:

143 3424 147 3443 ,
189 3367 252 3429 Sed
271 3372 325 3442 prb
350 3366 521 3443 mapalibus
545 3373 577 3423 tu
598 3365 697 3425 Aselli
719 3365 853 3436 mettica,

187 3454 229 3513 Et
246 3452 314 3510 Lan
339 3452 452 3511 adibis:
473 3471 529 3526 pro
551 3451 641 3508 boum
663 3450 874 3527 praesepibus,

190 3537 401 3612 Ovilibusque,
421 3555 535 3612 proque
556 3537 669 3595 rustico
690 3535 767 3610 pedo

187 3622 289 3681 Vehet
309 3621 424 3681 faselus
444 3630 474 3679 tc
496 3628 526 3678 et
547 3620 697 3679 Phereclii
717 3619 813 3695 pedes

188 3708 321 3767 Festras'
337 3706 495 3785 gemellas,
514 3705 605 3781 inque
626 3704 732 3781 Gythii
752 3703 833 3779 iuga,

190 3792 253 3853 Ubi
271 3792 310 3850 ad
332 3794 479 3852 scabrosa
498 3808 577 3849 saxa
595 3789 742 3865 pandatos
761 3787 849 3845 luens
