2884 4650
593 550 745 643 Q

214 713 270 776 Sin
290 723 321 773 te
342 716 426 793 virgo
449 716 541 791 capit:
561 716 611 775 vel
632 736 699 775 eam
719 718 775 775 tibi
795 720 909 777 nubere
930 720 978 778 ius
999 728 1056 793 est,

256 800 316 859 Vel
336 808 541 878 corruptorum
563 810 611 860 est
632 821 733 878 poena
753 803 877 862 ferenda
897 803 961 863 tibi.

211 886 332 962 Nuptae
355 885 519 945 sollicitare
538 887 577 943 ad
602 896 715 963 stupra,
737 888 817 962 quis,
845 889 924 946 unde
946 887 1084 966 voluptas

256 970 352 1029 Nulla
373 979 430 1044 est,
453 973 643 1046 quantumvis
667 973 785 1050 cogitur
806 974 885 1049 ipse,
907 975 1032 1049 potest?

211 1058 270 1116 Est
290 1056 322 1113 in
345 1055 501 1115 adulteriis
521 1057 616 1114 multa
636 1057 713 1129 alea,
735 1058 851 1116 fructus
872 1058 986 1116 amoris
1077 1101 1080 1108 -

256 1140 379 1200 Nullus.
401 1142 437 1199 In
454 1142 502 1199 his
526 1142 611 1217 pueri
635 1150 682 1200 est
703 1142 799 1218 turpis
819 1142 975 1202 habendus
999 1162 1094 1201 amor.

213 1226 401 1307 Volgivagae
417 1226 524 1283 viduae
544 1228 660 1302 passim
684 1245 758 1286 suus
782 1235 865 1285 extat
885 1236 1017 1299 amator3

256 1311 378 1388 Quippe
401 1310 545 1383 animum,
565 1330 667 1370 mores
686 1319 715 1369 et
734 1314 902 1372 meretricis
922 1315 1022 1372 habet.

214 1393 334 1455 Castior
354 1396 424 1454 est?
443 1396 499 1453 tibi
520 1396 571 1454 vix
594 1397 790 1455 succumbere
809 1399 919 1472 vixque
942 1407 1065 1471 coacta,
1088 1446 1094 1458 .

254 1482 332 1539 Mox
356 1480 496 1539 stimulos
517 1482 579 1539 odii
600 1482 734 1558 concipit
755 1502 848 1559 aegra
870 1484 953 1541 novi.

210 1566 337 1625 Factum
356 1566 439 1624 editt·
456 1566 526 1640 quia
546 1585 603 1624 nec
624 1567 713 1642 periit
735 1567 832 1642 pudor
853 1568 963 1642 omnis,
985 1568 1082 1628 amori

255 1653 352 1728 Aptae
374 1650 519 1710 solvendo
543 1653 688 1726 quaeritat
709 1671 807 1728 usque
828 1672 941 1712 moras.

212 1734 268 1797 Sin
291 1736 385 1813 magis
411 1735 538 1794 ancillae
560 1738 678 1813 cupidis
700 1738 894 1814 amplexibus
916 1739 1039 1796 haeres:

254 1819 325 1881 Sive
343 1828 395 1878 tna
416 1828 478 1893 est3
499 1822 630 1879 famulae
648 1841 755 1881 servus
777 1842 810 1881 es
829 1824 898 1899 ipse
915 1831 997 1880 tuae:

212 1903 285 1966 Sive
307 1905 420 1977 aliena3
441 1914 543 1964 notam
563 1906 619 1964 tibi
642 1906 695 1965 lex
716 1916 817 1965 tamen
835 1909 962 1985 irrogat,
982 1907 1014 1964 in
1036 1914 1066 1964 te

253 1991 398 2066 Mancipii
417 1991 496 2048 haud
516 1991 630 2066 proprii
650 1992 774 2050 nomine
794 1993 908 2068 probra
928 1992 1021 2051 ciens.

211 2073 271 2135 His
294 2095 327 2135 se
347 2076 505 2152 Diogenes
528 2076 653 2153 pulchre
675 2077 847 2134 extricavit:
870 2078 910 2135 Et
930 2076 975 2133 illi

252 2161 373 2232 Pellex,
396 2161 511 2235 absque
530 2161 592 2218 ulla
614 2161 720 2235 Laide,
743 2162 845 2238 palma
867 2162 933 2219 fuit.

416 2327 419 2334 ’
510 2324 657 2410 Ὄμματα
678 2327 815 2396 decedere.
1026 2324 1124 2410 ζ(82)

210 2414 343 2473 Lumina
365 2414 534 2490 distorques
556 2417 662 2476 tacitas
685 2417 849 2494 prodentia
866 2417 1018 2474 flammas:

252 2500 367 2558 Ductus
386 2520 537 2577 purpurea
558 2503 647 2579 ralga
666 2502 779 2560 labella
799 2521 888 2560 rosa:

209 2585 376 2662 Fringultis
400 2587 575 2644 tremulumt
599 2587 700 2645 vibras
719 2585 837 2645 lasciva
858 2585 1003 2662 capillos:

253 2671 352 2728 lactas
376 2670 500 2744 effusas,
521 2691 570 2729 me
588 2690 707 2747 quoque
726 2679 816 2744 teste,
841 2689 964 2729 manus:

210 2758 253 2816 At
272 2755 407 2813 nondum
428 2756 482 2813 illa
502 2758 545 2814 tui
567 2757 674 2814 cecidit
696 2757 864 2814 constantia
882 2756 989 2815 fastus.

252 2841 386 2899 Marces:
407 2840 459 2898 ille
484 2849 587 2900 tamen
607 2842 760 2900 masculus
783 2843 892 2900 horror
913 2841 1010 2899 adest.

502 3003 565 3068 Νῦν
590 3008 837 3088 καταγιγνώσκω.
1027 3008 1123 3085 ζ(83)

208 3096 330 3168 Mirum,
351 3093 433 3170 quod
454 3113 518 3152 non
538 3102 633 3154 mutet
654 3096 693 3153 ob
714 3096 791 3152 hanc
813 3114 847 3154 se
869 3095 1016 3172 Iuppiter,
1039 3094 1085 3151 illi

253 3179 382 3239 Irascor.
404 3179 488 3237 rudis
513 3188 576 3238 est:
599 3180 642 3238 nil
661 3181 692 3238 in
715 3175 931 3239 amore'videt.

210 3262 259 3321 De
279 3265 378 3331 forma
398 3285 461 3324 non
477 3265 632 3342 Europae,
652 3266 798 3324 Danaeve
817 3265 948 3342 puellae,

251 3349 325 3409 Non
349 3368 384 3407 ea
407 3350 564 3423 concedat,
589 3351 717 3409 candida
735 3351 831 3423 Leda,
854 3351 919 3408 tibi.

209 3433 253 3494 Ni
274 3435 350 3492 forte
372 3442 429 3508 est,
450 3435 531 3510 quod
554 3443 650 3494 scorta
667 3437 745 3514 fugit
765 3435 912 3512 vulgaria,
934 3433 1052 3509 Regum

253 3517 393 3596 Corrupit
412 3530 508 3579 natas.
530 3520 609 3594 Hoc,
630 3522 706 3594 scio,
726 3521 839 3578 crimen
858 3519 958 3576 habet.

475 3686 626 3770 Ἀρσενας
649 3686 743 3753 ἄλλος
769 3683 847 3768 ἔχοι.
1026 3683 1122 3762 ζ(84)

209 3775 239 3835 0
263 3774 365 3834 valeat
379 3773 505 3851 puerilis
527 3793 622 3834 amor.
646 3772 865 3849 Complexibus
886 3782 956 3832 ntor
