2884 4650
576 548 726 644 3⁹1-
804 627 807 630 ,

236 707 279 774 Χ’
306 703 414 794 ᾇτερος
427 709 604 796 Ἧμαοιλέης
625 713 837 798 νεμβεμόνικος
860 715 931 794 ἐὼν,

193 791 253 858 Χει
272 795 283 856 i
306 796 461 880 φορεοβίῳ
483 795 588 879 ἄμμιν.
601 798 751 880 ἀνήγαγες
767 798 891 863 Ἀκνιον
912 802 955 870 εἰς
974 807 1043 886 φῶς

270 878 312 964 st
335 880 371 962 δὴ
398 880 597 950 ὑλακτοῦντος
618 905 667 944 σοι
690 881 857 965 μετόπισθε
879 883 977 955 κυνός.

420 1043 484 1112 Τοῦ
507 1048 602 1114 αὐτοῦ
626 1051 670 1119 εἰς
690 1053 740 1114 τὸν
766 1051 868 1115 αὐτόν.

186 1127 248 1192 Ἔα
269 1130 300 1192 τί
321 1134 427 1208 τοῦτο;
448 1133 478 1195 τί
497 1133 590 1217 χρέος
609 1134 779 1218 θεήλατον;

189 1210 439 1297 Ἐνθουσιασμοῦ
460 1224 623 1299 συγγενοῦς
644 1220 695 1282 καὶ
715 1220 892 1305 ουντρόφοο

187 1295 296 1367 Ὀντος
316 1298 347 1381 γ’
373 1299 544 1385 ἐλευθερίᾳ,
565 1301 715 1384 Σκάλανε,
734 1309 800 1373 πῶς
823 1305 891 1389 δῆτ’
918 1305 977 1391 ἔπη

182 1377 313 1446 Ἕκοιοτ’
339 1384 473 1448 ἑκάστων
496 1387 688 1472 ἅνταμείβεις
708 1395 768 1451 τῶν
792 1389 892 1466 ἐπῶν;

191 1464 253 1530 Καὶ
273 1473 339 1538 πῶς
361 1469 493 1553 ἀνάγκης
513 1471 681 1552 τοῦμπαλιν
703 1474 828 1555 θεσμοῖς
849 1475 950 1546 δεθεὶς

192 1550 235 1614 Σὺ
264 1554 359 1636 μηδὲν
383 1553 536 1639 ἐκμαίνεις
558 1553 631 1625 ἔπος
654 1557 878 1641 ἀνελεύθερον;

495 1726 641 1788 Personae
656 1732 798 1807 fabulae:

290 1815 294 1820 '
391 1811 539 1885 Minerva,
747 1813 897 1889 Nunoius,

394 1896 535 1973 Ulysses,
748 1899 875 1973 Teucer,

391 1982 484 2053 Aiax,
741 1984 910 2058 Menelaus,

391 2065 567 2137 Tecmessa,
738 2070 960 2146 Agamemnon,

393 2149 512 2210 Chorus
536 2149 771 2211 Salaminiorum
792 2156 952 2215 sociorum.

522 2321 620 2383 Actus
642 2319 773 2385 Primus.

572 2408 718 2467 Minerva.

188 2489 376 2569 Iam'video,
399 2489 523 2567 Ulysse,
549 2510 642 2569 saepe
664 2502 693 2551 te
714 2494 850 2553 venatiee
1099 2497 1113 2551 1

189 2573 352 2652 captasse,
370 2582 403 2633 ut
421 2582 503 2636 artes
525 2577 660 2637 hosticas
680 2587 902 2655 praevorteres.

190 2659 295 2735 Teque
315 2661 392 2720 adeo
414 2662 452 2720 ad
472 2663 570 2737 ipsam
593 2665 782 2722 commodum
800 2664 930 2724 classem
948 2666 1085 2728 ultimam

188 2745 304 2819 Aiacis,
327 2746 379 2807 ubi
400 2754 469 2821 post
485 2747 633 2823 principia
654 2750 761 2822 tendit,
784 2758 850 2808 tuor

188 2830 391 2908 Ruspantem,
412 2840 442 2891 et
461 2831 533 2891 olim
553 2834 726 2892 metientem
747 2835 853 2894 sedulo
1095 2856 1113 2909 5

188 2913 282 2975 Notis
303 2916 407 2975 adulta
427 2917 549 2992 nuperis
572 2919 711 2997 vestigia,

187 3000 231 3059 Ut
250 3001 344 3075 intus,
369 3002 513 3061 anforas
538 3004 587 3076 sit,
611 3005 708 3064 oeulis
730 3022 872 3080 aucupes.

187 3086 273 3143 Pene
298 3096 395 3145 autem
418 3106 451 3146 es
475 3096 655 3161 assentatus,
677 3098 710 3147 ut
733 3089 816 3147 oanis
838 3107 944 3167 sagax.

187 3168 318 3246 Nonqus
341 3172 422 3231 intus
443 3172 535 3230 ellum
555 3182 604 3233 est
622 3175 702 3233 haud
724 3175 785 3247 diu,
809 3182 899 3251 caput

188 3254 308 3316 Sudore
329 3276 457 3317 manans
480 3264 569 3334 atque
589 3262 753 3319 carnufiees
774 3278 892 3318 manns.
1096 3273 1130 3326 ιο

188 3340 289 3414 Quare
312 3342 392 3403 intus
412 3343 594 3420 inspectare,
616 3365 673 3404 neo
690 3346 745 3403 tibi
764 3344 914 3422 integrum
935 3347 992 3412 est,

189 3426 319 3486 Omitte:
343 3435 457 3486 tantum
477 3429 551 3503 fare,
573 3432 679 3505 quoius
699 3430 797 3509 gratia

188 3510 267 3571 Tam
285 3514 412 3591 satagis,
430 3533 518 3573 omne
539 3523 582 3588 ut,
603 3514 745 3592 quiequid
764 3514 854 3571 huius
874 3516 932 3581 est,
952 3508 1069 3587 loquar.

186 3596 238 3655 Ul.
278 3598 305 3657 O
327 3598 400 3657 mihi
417 3599 551 3658 Dearum
569 3619 642 3658 cura
659 3617 802 3659 maxume
820 3594 954 3653 omnium

186 3682 334 3755 Minerva,
356 3703 447 3760 quam
468 3684 517 3744 vel
538 3685 654 3743 eminus
677 3686 758 3743 clare
777 3689 860 3739 tuam
1094 3698 1127 3753 15

186 3766 300 3827 Vooem
323 3788 395 3827 aure
418 3770 514 3845 eapio,
539 3777 568 3829 ot
588 3777 688 3837 menta
707 3783 867 3910 suspensis}³
875 3764 994 3881 inauris,
1105 3806 1107 3809 ι
