2884 4650
631 501 671 561 33

235 670 277 728 Et
297 688 410 728 vacuae
430 688 449 726 a
471 670 557 728 nobis
580 671 668 748 exige
690 670 800 728 mentis
824 691 911 748 opus.

193 757 243 816 Me
266 756 350 828 iuvat
369 773 497 812 exorare
520 755 632 813 malum
657 757 731 813 hoc:
753 757 860 830 quibus
880 757 933 813 illa
954 756 1067 831 pianda

235 840 390 902 Auxiliis:
411 858 469 913 quo
492 839 532 897 sit
553 848 618 897 ture
639 840 755 897 litanda
777 840 850 897 mihi

194 925 445 1002 (Formidandum
469 925 567 1001 aegris
592 933 681 999 atque
699 924 891 999 implacabile
913 920 1038 1004 numen)
1085 958 1087 963 ·

236 1012 309 1070 Una
330 1011 427 1068 tribus
448 1009 548 1068 Furiis
571 1010 673 1067 addita
694 1016 802 1085 quarta
822 1029 921 1068 soror.

193 1095 273 1156 Post
294 1095 442 1154 subducta
461 1094 535 1170 polo
559 1095 703 1153 caelestia
723 1095 841 1153 semina
861 1097 1012 1170 flammae,
1043 1122 1046 1129 ·
1083 1116 1087 1125 ·

236 1182 337 1256 Atque
363 1179 565 1237 Prometheae
589 1183 712 1239 conscia
734 1180 815 1237 furta
835 1199 955 1255 manus,

96 1313 97 1320 ,
193 1267 300 1326 Prima
321 1265 491 1342 peregrinis
511 1264 602 1322 Erebi
626 1274 717 1341 caput
737 1265 846 1322 extulit
868 1267 943 1339 oris,

236 1343 364 1410 Insueta
385 1357 415 1407 et
436 1349 520 1407 vultu
540 1350 646 1407 terruit
669 1358 753 1408 astra
776 1369 841 1422 suo,

196 1438 370 1497 Morborum
395 1443 425 1492 et
444 1435 538 1492 traxit
560 1435 671 1492 ferales
692 1436 791 1509 prima
812 1436 962 1505 cohortes;

238 1520 340 1594 Seque
364 1519 469 1577 ducem
491 1519 581 1577 iussit
601 1528 630 1576 et
653 1538 708 1577 sua
730 1520 818 1596 signa
841 1520 936 1596 sequi.

196 1607 270 1666 Inde
294 1606 451 1664 hominum
473 1604 594 1662 miseris
616 1605 782 1662 cervicibus
803 1604 941 1662 imminet
962 1606 1078 1677 hostis3

240 1689 346 1750 Calcat
369 1699 398 1747 et
416 1688 564 1765 imposito·
580 1687 700 1748 subdita
724 1690 805 1747 colla
827 1690 915 1766 pede.

199 1776 226 1835 Ο
249 1775 351 1834 dulces
376 1775 506 1846 animae,
529 1774 556 1832 si
578 1775 630 1851 qui
654 1776 821 1849 superestis
845 1775 944 1847 amici,

238 1862 308 1918 lure
330 1860 464 1918 sodalitii
483 1867 608 1934 pectora
628 1861 731 1917 iuncta
751 1860 836 1929 mihi,

197 1945 332 2022 Accipite
355 1946 410 2004 has
432 1945 594 2021 lacrymas,
619 1944 753 2020 supremi
776 1944 902 2020 pignora
924 1943 1033 2016 luctus,

239 2030 414 2104 Tristiaque
437 2030 544 2087 atratis
569 2029 703 2086 carmina
722 2029 806 2105 picta
827 2029 915 2086 notis.

197 2118 236 2178 Et
254 2116 310 2174 tibi
334 2134 390 2173 nec
412 2115 510 2172 nostri
529 2113 569 2173 sit
591 2114 706 2172 funeris
728 2114 834 2171 ultima
857 2132 939 2186 cura,

238 2202 392 2259 Devotum
414 2201 522 2271 Musis,
545 2199 633 2256 docte
654 2199 793 2270 Melisse,
816 2207 914 2275 caput.
953 2256 956 2267 ,

199 2286 248 2349 Sic
270 2285 326 2344 tibi
351 2285 412 2345 sint
432 2284 538 2343 faciles
559 2284 704 2343 Boeotica
722 2284 847 2342 numina
868 2285 986 2355 Musae,

238 2372 448 2448 Impediatque
468 2378 535 2428 tuas
559 2370 661 2427 laurus
682 2370 773 2426 odora
793 2388 907 2427 comas.

196 2463 296 2533 Atque
319 2456 403 2529 olim,
428 2455 605 2532 quandoque
627 2455 687 2511 mei
707 2474 767 2511 non
788 2454 886 2511 inscia
906 2453 962 2510 fati

238 2544 346 2600 Vertet
363 2543 395 2600 in
417 2540 567 2599 auriculas
590 2535 700 2597 nuncia
721 2539 804 2596 fama
826 2548 906 2610 tuas,

197 2628 346 2689 Omnibus
368 2627 485 2685 iudicas
506 2627 555 2683 fac
576 2625 699 2695 luctum,
721 2623 840 2696 Pa'ulle,
866 2622 983 2699 poetis3

237 2715 287 2785 Et,
310 2710 428 2785 Nostri,
454 2711 547 2783 dices,
569 2729 640 2786 pars
663 2709 720 2766 fuit
740 2709 793 2766 ille
814 2709 908 2767 chori.

197 2797 247 2859 Sic
269 2798 365 2869 dices,
390 2796 565 2871 tumuloque
588 2794 676 2853 dabis
698 2803 750 2851 tua
774 2794 907 2851 carmina
929 2799 1048 2861 nostr03

236 2882 493 2959 Carminibusque
516 2881 576 2938 tuis
599 2880 733 2937 carmina
752 2880 844 2957 iunge
864 2896 947 2935 mea:

197 2968 274 3027 Heio
295 2968 371 3026 situs
393 2977 449 3040 est,
472 2966 523 3041 qui
542 2983 598 3022 nec
616 2966 706 3037 vixit,
725 2984 782 3021 nec
802 2972 937 3021 mortuus
960 2961 1030 3019 olim
1051 2964 1108 3030 est,

237 3053 320 3111 Nam
343 3071 424 3112 mors
448 3053 519 3111 viva
539 3050 601 3120 illi3
623 3057 740 3107 mortua
762 3051 824 3107 vita
846 3049 913 3107 fuit.

280 3148 388 3213 Scripsit
405 3162 489 3211 aeger,
508 3154 533 3196 et
550 3146 670 3195 laborans
687 3144 754 3195 febri
772 3152 906 3209 quartana.

336 3306 386 3363 31.
430 3307 469 3361 In
494 3302 606 3361 Olorem
627 3304 782 3377 incapacium
803 3299 838 3356 P.
862 3296 983 3355 Melissi.

199 3387 342 3463 Quisquis
363 3390 445 3465 picta
466 3388 526 3445 mei
548 3385 625 3463 legis
649 3393 827 3463 argumenta
843 3379 973 3451 Melissi,

239 3476 313 3551 Ipsa
333 3476 397 3533 suis
418 3473 507 3531 ctiam
530 3471 613 3530 disce
633 3471 748 3528 referre
767 3468 859 3526 notis.

197 3559 393 3618 Flexanimas
414 3577 503 3617 voces
519 3558 637 3634 ¹signat,
667 3564 833 3626 cantusque
852 3557 960 3626 poetae

240 3645 378 3703 Blandus
400 3643 473 3717 olor,
497 3642 577 3699 dulci
599 3648 717 3718 gutture
741 3654 862 3694 carmen
884 3634 982 3695 hians.

198 3730 282 3789 Idem
306 3730 398 3787 etiam
420 3728 516 3787 niveis
538 3729 641 3803 passis
665 3729 825 3801 argenteus
848 3719 916 3791 alis,
