2884 4650
738 549 798 610 152

310 717 388 784 Βίου
411 715 585 780 παλαισταί.
605 714 705 784 Λυδὸς
728 714 759 778 ἐν
784 712 968 797 μεσημβρίᾳ.
1001 742 1004 745 ·

310 800 382 885 Βομ
403 800 490 868 υλίας
512 798 692 883 ἄνθρωπος.
707 797 834 882 Ἀργεία
855 797 948 881 φορά.

310 884 376 970 Βσρ
399 883 587 969 υροτάραξις.
604 880 711 970 Ἐξεχ’
734 885 760 949 ὦ
784 881 848 968 φῦλ’
873 882 952 964 ἥλιε.

310 969 467 1035 Βύσκουσι
490 969 628 1053 φυγάδας
649 968 779 1037 ἐλπιῦες.
802 965 901 1053 Νιόβη
925 965 1021 1050 πάθη.

310 1052 432 1122 Βουνῦις
457 1054 581 1124 δικάζει.
604 1050 657 1136 Μὴ
679 1052 792 1134 λόγους
814 1049 882 1115 ἄντ’
904 1050 1052 1134 ἀλφίτων.

310 1137 395 1209 Βοῦς
417 1138 559 1224 ἕβδομος.
583 1136 680 1200 Λάλει
700 1137 747 1214 δὲ,
766 1138 818 1202 καὶ
840 1137 881 1220 μὴ
903 1134 1037 1217 θίγγανε.

310 1220 398 1292 Βοῦς
420 1224 464 1290 εἰς
484 1221 611 1306 ἄμητον.
636 1221 792 1307 Ψηλαφηῖν
817 1221 848 1284 ἐν
873 1223 917 1305 τιγῦ
940 1218 1048 1303 σκότῳ.

310 1307 396 1391 Γαλῆ
416 1303 582 1392 κροκωτόν.
598 1306 754 1390 Ἀφθονοι
774 1305 911 1370 Μουσῶν
935 1302 1037 1388 θύραι.

311 1390 453 1459 Γάλλους
473 1391 503 1454 τί
521 1390 659 1475 τέμνεις;
681 1387 849 1476 Κανθάρου
873 1390 1066 1472 σοφώτερος.

311 1475 425 1540 Γείτων
448 1473 612 1544 Μυκόνιος.
635 1473 680 1538 Μ’
710 1477 787 1560 πρὸς
808 1476 864 1560 ἐμὲ
884 1473 922 1538 τὰ
946 1473 1079 1536 ποικιλα.

310 1558 335 1624 Γ
338 1559 419 1628 έλως
440 1557 622 1643 Μεγαρικός.
651 1556 696 1625 Ου
719 1558 896 1645 ποτ’ίσχεν
917 1559 937 1640 ἡ
960 1557 1051 1642 θύρα.
1085 1616 1090 1620 .

310 1644 442 1730 Γέραιρε
467 1643 588 1707 σαυτόν.
616 1641 726 1728 Τυρίον
751 1644 968 1729 Ξενοκράτους.

310 1726 335 1792 Γ
337 1727 471 1814 ερόντιον
494 1733 646 1792 στυπεῖον.
671 1725 837 1798 Οἰδίποδος
857 1730 927 1813 ἀρά.

310 1811 335 1877 Γ
337 1812 433 1876 λαῦκ’
458 1815 502 1882 εἰς
524 1813 667 1898 Ἀθήνας.
680 1810 733 1883 Ἐξ
756 1815 824 1882 ἑνὸς
844 1813 881 1876 τὰ
899 1810 996 1879 ,πάνθ’
1019 1814 1101 1896 ὁρᾷς.

311 1895 411 1961 Γλυκύ
438 1897 509 1981 μέλι
527 1899 578 1962 καὶ
597 1897 673 1968 πνίΕ.
693 1897 776 1962 Ἀντὶ
795 1898 835 1961 πέ
854 1920 910 1982 κης
930 1897 1084 1979 σκορπίον.

311 1976 461 2066 Γραμμὴν
485 1983 538 2047 ἐπ’
564 1983 659 2066 ἄκραν
687 1984 809 2067 ’κομεω
833 1920 940 2051 Καλὸς
960 1980 1073 2045 πίθων.

311 2066 505 2152 Γυμνότερος
528 2067 654 2151 ὑπέρου.
676 2007 761 2136 Βοῦς
782 2069 813 2130 ἐν
838 2067 937 2153 αὐλίῳ
959 2065 1053 2150 κάθη.

311 2150 460 2220 Γυναικός
481 2152 619 2236 όλεθρος.
643 2151 836 2237 Γυμνότερος
855 2151 1010 2236 Ἰαλέμου.

311 2236 609 2322 Δεινότερακπάσχει
634 2235 803 2321 Σαμβίκου.
825 2236 950 2322 Πλήρης
971 2234 1070 2304 πίθος.

311 2322 418 2385 Δεῖται
442 2322 579 2387 σελίνων.
602 2319 718 2406 Μικρὸν
742 2321 857 2471 όβόλου
880 2322 987 2405 τίμιον.

311 2409 464 2490 Δελφῖνος
486 2407 517 2470 ἐν
539 2407 645 2492 χέρσῳ
668 2408 729 2492 βία.
779 2408 988 2492 φενδάμνινος.

312 2491 400 2576 Δερῦι
427 2493 461 2555 σὲ
483 2491 619 2555 θύλακον
643 2494 769 2574 κλοπῆς.
796 2489 851 2560 Εἰς
873 2492 989 2578 ὀλβίαν.

312 2575 366 2645 Δὶς
386 2579 496 2644 παῖδες
517 2578 547 2639 οἱ
567 2576 717 2661 γέροντες.
737 2576 831 2661 Ὑπὲρ
853 2576 925 2639 όνου
949 2578 1044 2642 σκιᾶς.

302 2661 336 2723 A
358 2664 460 2745 αχμῦης
481 2663 615 2746 χάλαζα.
636 2659 748 2725 Κανθά
768 2685 804 2725 ου
829 2663 1024 2745 μελάντερος.

305 2683 444 2827 ’λύγνωκε
467 2746 505 2829 δὴ
527 2746 587 2828 θῆρ
608 2748 701 2830 θῆρα.
725 2686 839 2810 [θέττὸν
863 2746 1020 2809 ἀνατίθου.

310 2826 365 2897 Εἰς
388 2828 493 2913 αὔριον
516 2832 680 2894 σπουδαῖα.
704 2828 906 2899 Βαθυκλέους
927 2827 1021 2899 κύλιξ.

310 2910 365 2981 Εἰς
384 2910 437 2981 ούς
456 2912 565 2994 λέγειν.
593 2912 738 2998 Ζήνωνος
759 2910 1003 3000 ἐγκρατέστερος.

310 2994 365 3065 Εἰς
384 2998 438 3081 τὴν
462 2999 592 3081 σελήνην
616 2999 813 3063 Ἀκεσιλάου.
834 3000 897 3069 Aa}
916 3002 1032 3064 πατεῖν.

309 3079 365 3146 Ἐκ
385 3080 538 3166 γεύματος
557 3083 660 3166 γνοίης
683 3082 729 3146 ἄν.
749 3082 928 3169 Ἀθόρωτον
952 3082 1060 3167 στόμα.

309 3164 366 3231 Ἐκ
386 3171 440 3250 τῆς
462 3165 616 3251 φαρέτρης
636 3166 750 3252 ἡμέρα.
769 3165 816 3231 Τὰ
836 3167 1010 3233 Καννάκοο.

308 3248 364 3315 Ἐκ
386 3257 446 3315 τῦιν
468 3249 522 3314 όνύ
548 3276 591 3314 ων
611 3251 731 3315 λέοντα.
753 3250 923 3338 Κουρήτων
947 3252 1056 3334 στόμα.

309 3332 534 3422 Ἐλέφαντοςο
559 3336 609 3399 ῦὲν
633 3336 800 3421 διαφέρεις.
825 3336 955 3402 Δούλων
977 3336 1075 3407 πόλις.

301 3414 427 3484 Ἕλκειν
453 3420 636 3506 σκαπέρθαν.
657 3417 712 3484 Ἐκ
737 3444 753 3484 τ
775 3422 840 3507 ιχθς
861 3421 1053 3507 κρεμάμεθα.

306 3499 362 3566 Ἐν
386 3502 468 3590 Καρὶ
490 3508 541 3570 τὸν
563 3506 712 3571 κίνδυνον.
732 3444 885 3589 ’θρνίθων
908 3509 1000 3591 γάλα.

306 3583 360 3650 Ἐν
382 3590 457 3673 πυρὶ
472 3590 615 3674 βέβηκας.
636 3589 870 3675 Μορμυλύττειν
895 3593 1001 3677 ἀσκίῳ.

309 3668 398 3735 Ἔνθ’
421 3673 451 3734 οἱ
471 3674 566 3744 πόδες
587 3675 733 3761 φέρωσιν.
755 3673 809 3743 Εἰς
827 3676 910 3761 ύδωρ
932 3678 1070 3763 γράφειν.

305 3753 388 3827 Ἔίω
411 3755 522 3842 βέλους
543 3762 674 3845 κάθησο.
695 3756 855 3825 Ταντάλου
876 3761 972 3829 λίθος.

221 4203 960 4483 ελ.
