<?xml version="1.0" encoding="UTF-8"?>
<!DOCTYPE html PUBLIC "-//W3C//DTD XHTML 1.0 Transitional//EN"
    "http://www.w3.org/TR/xhtml1/DTD/xhtml1-transitional.dtd">
<html xmlns="http://www.w3.org/1999/xhtml" xml:lang="en" lang="en">
 <head>
  <title>
</title>
<meta http-equiv="Content-Type" content="text/html;charset=utf-8" />
  <meta name='ocr-system' content='tesseract 3.04.00' />
  <meta name='ocr-capabilities' content='ocr_page ocr_carea ocr_par ocr_line ocrx_word'/>
</head>
<body>
  <div class='ocr_page' id='page_1' title='image "./poemataomnia00scalgoog_0332.png"; bbox 0 0 2884 4650; ppageno 0'>
   <div class='ocr_carea' id='block_1_1' title="bbox 597 555 748 652">
    <p class='ocr_par' dir='ltr' id='par_1_1' title="bbox 597 555 748 652">
     <span class='ocr_line' id='line_1_1' title="bbox 597 555 748 652; baseline 0 -35"><span class='ocrx_word' id='word_1_1' title='bbox 597 555 748 652; x_wconf 49' lang='lat'>„393-</span> 
     </span>
    </p>
   </div>
   <div class='ocr_carea' id='block_1_2' title="bbox 177 725 913 3865">
    <p class='ocr_par' dir='ltr' id='par_1_2' title="bbox 212 725 883 804">
     <span class='ocr_line' id='line_1_2' title="bbox 212 725 883 804; baseline -0.004 -17"><span class='ocrx_word' id='word_1_2' title='bbox 212 727 348 802; x_wconf 78' lang='lat' dir='ltr'>Dictum,</span> <span class='ocrx_word' id='word_1_3' title='bbox 369 727 569 804; x_wconf 84' lang='lat' dir='ltr'>profauumve</span> <span class='ocrx_word' id='word_1_4' title='bbox 587 725 619 784; x_wconf 89' lang='lat' dir='ltr'>in</span> <span class='ocrx_word' id='word_1_5' title='bbox 640 725 727 786; x_wconf 88' lang='lat' dir='ltr'>Deos</span> <span class='ocrx_word' id='word_1_6' title='bbox 751 725 883 799; x_wconf 75' lang='lat' dir='ltr'>effutiat,</span> 
     </span>
    </p>

    <p class='ocr_par' dir='ltr' id='par_1_3' title="bbox 213 810 852 888">
     <span class='ocr_line' id='line_1_3' title="bbox 213 810 852 888; baseline -0.003 -16"><span class='ocrx_word' id='word_1_7' title='bbox 213 811 282 872; x_wconf 86' lang='lat' dir='ltr'>Nec</span> <span class='ocrx_word' id='word_1_8' title='bbox 302 812 482 884; x_wconf 80' lang='lat' dir='ltr'>insolescas,</span> <span class='ocrx_word' id='word_1_9' title='bbox 503 811 531 870; x_wconf 94' lang='lat' dir='ltr'>sl</span> <span class='ocrx_word' id='word_1_10' title='bbox 551 810 601 869; x_wconf 87' lang='lat' dir='ltr'>vel</span> <span class='ocrx_word' id='word_1_11' title='bbox 622 811 677 868; x_wconf 91' lang='lat' dir='ltr'>ulli</span> <span class='ocrx_word' id='word_1_12' title='bbox 698 811 852 888; x_wconf 74' lang='lat' dir='ltr'>praenites</span> 
     </span>
    </p>

    <p class='ocr_par' dir='ltr' id='par_1_4' title="bbox 212 896 770 972">
     <span class='ocr_line' id='line_1_4' title="bbox 212 896 770 972; baseline -0.004 -17"><span class='ocrx_word' id='word_1_13' title='bbox 212 897 334 956; x_wconf 87' lang='lat' dir='ltr'>Virtute</span> <span class='ocrx_word' id='word_1_14' title='bbox 355 896 439 968; x_wconf 90' lang='lat' dir='ltr'>belli,</span> <span class='ocrx_word' id='word_1_15' title='bbox 464 897 529 955; x_wconf 87' lang='lat' dir='ltr'>sive</span> <span class='ocrx_word' id='word_1_16' title='bbox 548 896 643 954; x_wconf 85' lang='lat' dir='ltr'>vastis</span> <span class='ocrx_word' id='word_1_17' title='bbox 666 896 770 972; x_wconf 91' lang='lat' dir='ltr'>copiis.</span> 
     </span>
    </p>

    <p class='ocr_par' dir='ltr' id='par_1_5' title="bbox 212 979 877 1058">
     <span class='ocr_line' id='line_1_5' title="bbox 212 979 877 1058; baseline -0.003 -17"><span class='ocrx_word' id='word_1_18' title='bbox 212 981 354 1058; x_wconf 81' lang='lat' dir='ltr'>Namque</span> <span class='ocrx_word' id='word_1_19' title='bbox 374 1000 436 1041; x_wconf 84' lang='lat' dir='ltr'>una</span> <span class='ocrx_word' id='word_1_20' title='bbox 456 981 546 1053; x_wconf 90' lang='lat' dir='ltr'>tollit,</span> <span class='ocrx_word' id='word_1_21' title='bbox 568 1000 630 1039; x_wconf 94' lang='lat' dir='ltr'>una</span> <span class='ocrx_word' id='word_1_22' title='bbox 650 981 792 1058; x_wconf 84' lang='lat' dir='ltr'>deprimit</span> <span class='ocrx_word' id='word_1_23' title='bbox 812 979 877 1039; x_wconf 88' lang='lat' dir='ltr'>dies</span> 
     </span>
    </p>

    <p class='ocr_par' dir='ltr' id='par_1_6' title="bbox 213 1065 841 1144">
     <span class='ocr_line' id='line_1_6' title="bbox 213 1065 841 1144; baseline -0.006 -17"><span class='ocrx_word' id='word_1_24' title='bbox 213 1067 390 1128; x_wconf 89' lang='lat' dir='ltr'>Mortalium</span> <span class='ocrx_word' id='word_1_25' title='bbox 411 1085 472 1139; x_wconf 87' lang='lat' dir='ltr'>res,</span> <span class='ocrx_word' id='word_1_26' title='bbox 496 1074 526 1124; x_wconf 88' lang='lat' dir='ltr'>et</span> <span class='ocrx_word' id='word_1_27' title='bbox 548 1066 622 1124; x_wconf 91' lang='lat' dir='ltr'>boni</span> <span class='ocrx_word' id='word_1_28' title='bbox 643 1085 763 1144; x_wconf 87' lang='lat' dir='ltr'>semper</span> <span class='ocrx_word' id='word_1_29' title='bbox 783 1065 841 1123; x_wconf 87' lang='lat' dir='ltr'>viri</span> 
     </span>
    </p>

    <p class='ocr_par' dir='ltr' id='par_1_7' title="bbox 215 1150 913 1296">
     <span class='ocr_line' id='line_1_7' title="bbox 215 1150 913 1224; baseline -0.007 -12"><span class='ocrx_word' id='word_1_30' title='bbox 215 1151 315 1212; x_wconf 82' lang='lat' dir='ltr'>Curae</span> <span class='ocrx_word' id='word_1_31' title='bbox 333 1152 410 1212; x_wconf 89' lang='lat' dir='ltr'>Deis</span> <span class='ocrx_word' id='word_1_32' title='bbox 433 1159 512 1224; x_wconf 88' lang='lat' dir='ltr'>sunt,</span> <span class='ocrx_word' id='word_1_33' title='bbox 536 1158 642 1210; x_wconf 83' lang='lat' dir='ltr'>contra</span> <span class='ocrx_word' id='word_1_34' title='bbox 663 1160 695 1208; x_wconf 84' lang='lat' dir='ltr'>at</span> <span class='ocrx_word' id='word_1_35' title='bbox 716 1151 810 1211; x_wconf 89' lang='lat' dir='ltr'>invisi</span> <span class='ocrx_word' id='word_1_36' title='bbox 830 1150 913 1208; x_wconf 88' lang='lat' dir='ltr'>mali.</span> 
     </span>
     <span class='ocr_line' id='line_1_8' title="bbox 613 1234 740 1296; baseline 0.008 -1"><span class='ocrx_word' id='word_1_37' title='bbox 613 1234 740 1296; x_wconf 82' lang='lat' dir='ltr'>Chorus.</span> 
     </span>
    </p>

    <p class='ocr_par' dir='ltr' id='par_1_8' title="bbox 215 1319 716 1394">
     <span class='ocr_line' id='line_1_9' title="bbox 215 1319 716 1394; baseline -0.002 -15"><span class='ocrx_word' id='word_1_38' title='bbox 215 1320 446 1393; x_wconf 81' lang='lat' dir='ltr'>Telamoniade,</span> <span class='ocrx_word' id='word_1_39' title='bbox 469 1320 520 1394; x_wconf 92' lang='lat' dir='ltr'>qui</span> <span class='ocrx_word' id='word_1_40' title='bbox 539 1319 716 1379; x_wconf 80' lang='lat' dir='ltr'>fundamina</span> 
     </span>
    </p>

    <p class='ocr_par' dir='ltr' id='par_1_9' title="bbox 216 1404 780 1467">
     <span class='ocr_line' id='line_1_10' title="bbox 216 1404 780 1467; baseline -0.007 0"><span class='ocrx_word' id='word_1_41' title='bbox 216 1404 380 1467; x_wconf 81' lang='lat' dir='ltr'>Salaminis</span> <span class='ocrx_word' id='word_1_42' title='bbox 402 1405 497 1464; x_wconf 85' lang='lat' dir='ltr'>habes</span> <span class='ocrx_word' id='word_1_43' title='bbox 519 1406 607 1463; x_wconf 85' lang='lat' dir='ltr'>firma</span> <span class='ocrx_word' id='word_1_44' title='bbox 627 1408 780 1466; x_wconf 83' lang='lat' dir='ltr'>marinae:</span> 
     </span>
    </p>

    <p class='ocr_par' dir='ltr' id='par_1_10' title="bbox 215 1490 753 1563">
     <span class='ocr_line' id='line_1_11' title="bbox 215 1490 753 1563; baseline 0.002 -14"><span class='ocrx_word' id='word_1_45' title='bbox 215 1491 301 1550; x_wconf 89' lang='lat' dir='ltr'>Bene</span> <span class='ocrx_word' id='word_1_46' title='bbox 321 1508 387 1548; x_wconf 91' lang='lat' dir='ltr'>cum</span> <span class='ocrx_word' id='word_1_47' title='bbox 406 1490 462 1548; x_wconf 91' lang='lat' dir='ltr'>tibi</span> <span class='ocrx_word' id='word_1_48' title='bbox 480 1490 524 1563; x_wconf 84' lang='lat' dir='ltr'>fit,</span> <span class='ocrx_word' id='word_1_49' title='bbox 546 1491 624 1548; x_wconf 90' lang='lat' dir='ltr'>benc</span> <span class='ocrx_word' id='word_1_50' title='bbox 644 1492 753 1550; x_wconf 87' lang='lat' dir='ltr'>laetor.</span> 
     </span>
    </p>

    <p class='ocr_par' dir='ltr' id='par_1_11' title="bbox 216 1574 746 1653">
     <span class='ocr_line' id='line_1_12' title="bbox 216 1574 746 1653; baseline 0 -17"><span class='ocrx_word' id='word_1_51' title='bbox 216 1575 293 1636; x_wconf 81' lang='lat' dir='ltr'>Cum</span> <span class='ocrx_word' id='word_1_52' title='bbox 315 1583 345 1633; x_wconf 90' lang='lat' dir='ltr'>te</span> <span class='ocrx_word' id='word_1_53' title='bbox 364 1575 484 1633; x_wconf 90' lang='lat' dir='ltr'>inimico</span> <span class='ocrx_word' id='word_1_54' title='bbox 505 1574 649 1653; x_wconf 84' lang='lat' dir='ltr'>languere</span> <span class='ocrx_word' id='word_1_55' title='bbox 670 1577 746 1636; x_wconf 87' lang='lat' dir='ltr'>Iove</span> 
     </span>
    </p>

    <p class='ocr_par' dir='ltr' id='par_1_12' title="bbox 215 1659 756 1740">
     <span class='ocr_line' id='line_1_13' title="bbox 215 1659 756 1740; baseline 0 -20"><span class='ocrx_word' id='word_1_56' title='bbox 215 1660 327 1720; x_wconf 87' lang='lat' dir='ltr'>Differt</span> <span class='ocrx_word' id='word_1_57' title='bbox 348 1659 489 1719; x_wconf 80' lang='lat' dir='ltr'>Danaum</span> <span class='ocrx_word' id='word_1_58' title='bbox 510 1660 592 1719; x_wconf 84' lang='lat' dir='ltr'>fama</span> <span class='ocrx_word' id='word_1_59' title='bbox 612 1662 756 1740; x_wconf 81' lang='lat' dir='ltr'>maligna,</span> 
     </span>
    </p>

    <p class='ocr_par' dir='ltr' id='par_1_13' title="bbox 215 1745 830 1822">
     <span class='ocr_line' id='line_1_14' title="bbox 215 1745 830 1822; baseline -0.003 -18"><span class='ocrx_word' id='word_1_60' title='bbox 215 1748 304 1804; x_wconf 89' lang='lat' dir='ltr'>Mens</span> <span class='ocrx_word' id='word_1_61' title='bbox 325 1745 399 1804; x_wconf 88' lang='lat' dir='ltr'>mihi</span> <span class='ocrx_word' id='word_1_62' title='bbox 419 1745 540 1822; x_wconf 83' lang='lat' dir='ltr'>refugit,</span> <span class='ocrx_word' id='word_1_63' title='bbox 565 1753 703 1821; x_wconf 87' lang='lat' dir='ltr'>totusque</span> <span class='ocrx_word' id='word_1_64' title='bbox 724 1756 830 1818; x_wconf 85' lang='lat' dir='ltr'>tremo,</span> 
     </span>
    </p>

    <p class='ocr_par' dir='ltr' id='par_1_14' title="bbox 217 1831 712 1907">
     <span class='ocr_line' id='line_1_15' title="bbox 217 1831 712 1907; baseline 0.004 -17"><span class='ocrx_word' id='word_1_65' title='bbox 217 1831 352 1907; x_wconf 85' lang='lat' dir='ltr'>Trepida</span> <span class='ocrx_word' id='word_1_66' title='bbox 371 1838 405 1889; x_wconf 91' lang='lat' dir='ltr'>ut</span> <span class='ocrx_word' id='word_1_67' title='bbox 424 1839 541 1889; x_wconf 88' lang='lat' dir='ltr'>terrore</span> <span class='ocrx_word' id='word_1_68' title='bbox 564 1831 712 1892; x_wconf 89' lang='lat' dir='ltr'>columba.</span> 
     </span>
    </p>

    <p class='ocr_par' dir='ltr' id='par_1_15' title="bbox 216 1915 717 1992">
     <span class='ocr_line' id='line_1_16' title="bbox 216 1915 717 1992; baseline 0 -16"><span class='ocrx_word' id='word_1_69' title='bbox 216 1915 259 1976; x_wconf 88' lang='lat' dir='ltr'>Ut</span> <span class='ocrx_word' id='word_1_70' title='bbox 277 1915 437 1992; x_wconf 85' lang='lat' dir='ltr'>praeterita</span> <span class='ocrx_word' id='word_1_71' title='bbox 459 1923 549 1973; x_wconf 89' lang='lat' dir='ltr'>nocte</span> <span class='ocrx_word' id='word_1_72' title='bbox 573 1917 717 1976; x_wconf 87' lang='lat' dir='ltr'>tumultus</span> 
     </span>
    </p>

    <p class='ocr_par' dir='ltr' id='par_1_16' title="bbox 216 2000 736 2078">
     <span class='ocr_line' id='line_1_17' title="bbox 216 2000 736 2078; baseline 0.002 -18"><span class='ocrx_word' id='word_1_73' title='bbox 216 2000 286 2060; x_wconf 85' lang='lat' dir='ltr'>Nos</span> <span class='ocrx_word' id='word_1_74' title='bbox 306 2002 485 2078; x_wconf 79' lang='lat' dir='ltr'>fumigarent</span> <span class='ocrx_word' id='word_1_75' title='bbox 504 2018 624 2060; x_wconf 90' lang='lat' dir='ltr'>rumore</span> <span class='ocrx_word' id='word_1_76' title='bbox 644 2003 736 2075; x_wconf 85' lang='lat' dir='ltr'>malo,</span> 
     </span>
    </p>

    <p class='ocr_par' dir='ltr' id='par_1_17' title="bbox 217 2085 728 2163">
     <span class='ocr_line' id='line_1_18' title="bbox 217 2085 728 2163; baseline 0.002 -19"><span class='ocrx_word' id='word_1_77' title='bbox 217 2085 265 2144; x_wconf 86' lang='lat' dir='ltr'>Te</span> <span class='ocrx_word' id='word_1_78' title='bbox 286 2087 364 2163; x_wconf 89' lang='lat' dir='ltr'>pede</span> <span class='ocrx_word' id='word_1_79' title='bbox 382 2085 487 2145; x_wconf 87' lang='lat' dir='ltr'>rabido</span> <span class='ocrx_word' id='word_1_80' title='bbox 510 2085 728 2162; x_wconf 88' lang='lat' dir='ltr'>persultantem</span> 
     </span>
    </p>

    <p class='ocr_par' dir='ltr' id='par_1_18' title="bbox 216 2170 634 2248">
     <span class='ocr_line' id='line_1_19' title="bbox 216 2170 634 2248; baseline -0.005 -16"><span class='ocrx_word' id='word_1_81' title='bbox 216 2171 320 2232; x_wconf 86' lang='lat' dir='ltr'>Ubera</span> <span class='ocrx_word' id='word_1_82' title='bbox 338 2171 416 2248; x_wconf 86' lang='lat' dir='ltr'>prati</span> <span class='ocrx_word' id='word_1_83' title='bbox 438 2170 634 2246; x_wconf 83' lang='lat' dir='ltr'>praedatitias</span> 
     </span>
    </p>

    <p class='ocr_par' dir='ltr' id='par_1_19' title="bbox 216 2256 524 2334">
     <span class='ocr_line' id='line_1_20' title="bbox 216 2256 524 2334; baseline 0 -20"><span class='ocrx_word' id='word_1_84' title='bbox 216 2256 359 2315; x_wconf 79' lang='lat' dir='ltr'>Danaum</span> <span class='ocrx_word' id='word_1_85' title='bbox 379 2256 524 2334; x_wconf 87' lang='lat' dir='ltr'>pecudes,</span> 
     </span>
    </p>

    <p class='ocr_par' dir='ltr' id='par_1_20' title="bbox 218 2341 825 2419">
     <span class='ocr_line' id='line_1_21' title="bbox 218 2341 825 2419; baseline -0.008 -18"><span class='ocrx_word' id='word_1_86' title='bbox 218 2342 304 2419; x_wconf 81' lang='lat' dir='ltr'>Quae</span> <span class='ocrx_word' id='word_1_87' title='bbox 326 2361 418 2419; x_wconf 90' lang='lat' dir='ltr'>super</span> <span class='ocrx_word' id='word_1_88' title='bbox 439 2342 517 2418; x_wconf 91' lang='lat' dir='ltr'>ipsis</span> <span class='ocrx_word' id='word_1_89' title='bbox 539 2342 659 2399; x_wconf 81' lang='lat' dir='ltr'>fuerant</span> <span class='ocrx_word' id='word_1_90' title='bbox 680 2341 825 2416; x_wconf 89' lang='lat' dir='ltr'>reliquae,</span> 
     </span>
    </p>

    <p class='ocr_par' dir='ltr' id='par_1_21' title="bbox 216 2428 623 2487">
     <span class='ocr_line' id='line_1_22' title="bbox 216 2428 623 2487; baseline -0.007 0"><span class='ocrx_word' id='word_1_91' title='bbox 216 2428 310 2487; x_wconf 85' lang='lat' dir='ltr'>Ferro</span> <span class='ocrx_word' id='word_1_92' title='bbox 329 2435 469 2486; x_wconf 86' lang='lat' dir='ltr'>vastasse</span> <span class='ocrx_word' id='word_1_93' title='bbox 489 2435 623 2485; x_wconf 87' lang='lat' dir='ltr'>cruento.</span> 
     </span>
    </p>

    <p class='ocr_par' dir='ltr' id='par_1_22' title="bbox 177 2511 694 2587">
     <span class='ocr_line' id='line_1_23' title="bbox 177 2511 694 2587; baseline -0.004 -16"><span class='ocrx_word' id='word_1_94' title='bbox 177 2540 180 2551; x_wconf 93' lang='lat'><em>·</em></span> <span class='ocrx_word' id='word_1_95' title='bbox 218 2512 307 2571; x_wconf 81' lang='lat' dir='ltr'>Talia</span> <span class='ocrx_word' id='word_1_96' title='bbox 328 2513 407 2571; x_wconf 88' lang='lat' dir='ltr'>fictis</span> <span class='ocrx_word' id='word_1_97' title='bbox 428 2513 539 2587; x_wconf 88' lang='lat' dir='ltr'>probra</span> <span class='ocrx_word' id='word_1_98' title='bbox 560 2511 694 2571; x_wconf 83' lang='lat' dir='ltr'>susurris</span> 
     </span>
    </p>

    <p class='ocr_par' dir='ltr' id='par_1_23' title="bbox 219 2595 825 2673">
     <span class='ocr_line' id='line_1_24' title="bbox 219 2595 825 2673; baseline -0.012 -15"><span class='ocrx_word' id='word_1_99' title='bbox 219 2598 361 2658; x_wconf 89' lang='lat' dir='ltr'>Omnium</span> <span class='ocrx_word' id='word_1_100' title='bbox 382 2597 413 2655; x_wconf 93' lang='lat' dir='ltr'>in</span> <span class='ocrx_word' id='word_1_101' title='bbox 435 2615 523 2656; x_wconf 87' lang='lat' dir='ltr'>aures</span> <span class='ocrx_word' id='word_1_102' title='bbox 546 2596 662 2673; x_wconf 84' lang='lat' dir='ltr'>spargit</span> <span class='ocrx_word' id='word_1_103' title='bbox 682 2595 825 2672; x_wconf 84' lang='lat' dir='ltr'>Ulysses.</span> 
     </span>
    </p>

    <p class='ocr_par' dir='ltr' id='par_1_24' title="bbox 218 2680 725 2743">
     <span class='ocr_line' id='line_1_25' title="bbox 218 2680 725 2743; baseline -0.012 0"><span class='ocrx_word' id='word_1_104' title='bbox 218 2680 359 2743; x_wconf 80' lang='lat' dir='ltr'>Creditur</span> <span class='ocrx_word' id='word_1_105' title='bbox 380 2681 443 2739; x_wconf 85' lang='lat' dir='ltr'>illi:</span> <span class='ocrx_word' id='word_1_106' title='bbox 466 2701 523 2741; x_wconf 90' lang='lat' dir='ltr'>nec</span> <span class='ocrx_word' id='word_1_107' title='bbox 544 2683 610 2741; x_wconf 90' lang='lat' dir='ltr'>sine</span> <span class='ocrx_word' id='word_1_108' title='bbox 632 2680 725 2738; x_wconf 85' lang='lat' dir='ltr'>multa</span> 
     </span>
    </p>

    <p class='ocr_par' dir='ltr' id='par_1_25' title="bbox 218 2766 785 2843">
     <span class='ocr_line' id='line_1_26' title="bbox 218 2766 785 2843; baseline -0.012 -14"><span class='ocrx_word' id='word_1_109' title='bbox 218 2766 320 2829; x_wconf 86' lang='lat' dir='ltr'>Suada</span> <span class='ocrx_word' id='word_1_110' title='bbox 344 2767 508 2843; x_wconf 81' lang='lat' dir='ltr'>excipitur:</span> <span class='ocrx_word' id='word_1_111' title='bbox 535 2784 643 2826; x_wconf 86' lang='lat' dir='ltr'>suasus</span> <span class='ocrx_word' id='word_1_112' title='bbox 666 2766 785 2842; x_wconf 88' lang='lat' dir='ltr'>etipse</span> 
     </span>
    </p>

    <p class='ocr_par' dir='ltr' id='par_1_26' title="bbox 219 2850 750 2929">
     <span class='ocr_line' id='line_1_27' title="bbox 219 2850 750 2929; baseline -0.011 -16"><span class='ocrx_word' id='word_1_113' title='bbox 219 2851 355 2913; x_wconf 85' lang='lat' dir='ltr'>Suasore</span> <span class='ocrx_word' id='word_1_114' title='bbox 374 2853 469 2929; x_wconf 86' lang='lat' dir='ltr'>magis</span> <span class='ocrx_word' id='word_1_115' title='bbox 491 2853 598 2927; x_wconf 85' lang='lat' dir='ltr'>strepit</span> <span class='ocrx_word' id='word_1_116' title='bbox 620 2850 750 2924; x_wconf 89' lang='lat' dir='ltr'>auditor,</span> 
     </span>
    </p>

    <p class='ocr_par' dir='ltr' id='par_1_27' title="bbox 219 2937 656 2996">
     <span class='ocr_line' id='line_1_28' title="bbox 219 2937 656 2996; baseline -0.007 0"><span class='ocrx_word' id='word_1_117' title='bbox 219 2937 287 2996; x_wconf 85' lang='lat' dir='ltr'>Tua</span> <span class='ocrx_word' id='word_1_118' title='bbox 307 2937 372 2996; x_wconf 89' lang='lat' dir='ltr'>risu</span> <span class='ocrx_word' id='word_1_119' title='bbox 392 2938 470 2995; x_wconf 82' lang='lat' dir='ltr'>iacta</span> <span class='ocrx_word' id='word_1_120' title='bbox 488 2937 656 2995; x_wconf 86' lang='lat' dir='ltr'>lacessens.</span> 
     </span>
    </p>

    <p class='ocr_par' dir='ltr' id='par_1_28' title="bbox 219 3019 744 3100">
     <span class='ocr_line' id='line_1_29' title="bbox 219 3019 744 3100; baseline -0.002 -21"><span class='ocrx_word' id='word_1_121' title='bbox 219 3021 279 3096; x_wconf 79' lang='lat' dir='ltr'>Qui</span> <span class='ocrx_word' id='word_1_122' title='bbox 299 3040 409 3100; x_wconf 85' lang='lat' dir='ltr'>magna</span> <span class='ocrx_word' id='word_1_123' title='bbox 431 3022 507 3098; x_wconf 91' lang='lat' dir='ltr'>petit</span> <span class='ocrx_word' id='word_1_124' title='bbox 529 3038 657 3097; x_wconf 85' lang='lat' dir='ltr'>corpora</span> <span class='ocrx_word' id='word_1_125' title='bbox 681 3019 744 3078; x_wconf 90' lang='lat' dir='ltr'>telo</span> 
     </span>
    </p>

    <p class='ocr_par' dir='ltr' id='par_1_29' title="bbox 218 3105 751 3168">
     <span class='ocr_line' id='line_1_30' title="bbox 218 3105 751 3168; baseline -0.011 -1"><span class='ocrx_word' id='word_1_126' title='bbox 218 3106 331 3167; x_wconf 87' lang='lat' dir='ltr'>Nullus</span> <span class='ocrx_word' id='word_1_127' title='bbox 357 3109 485 3168; x_wconf 86' lang='lat' dir='ltr'>aberrat.</span> <span class='ocrx_word' id='word_1_128' title='bbox 508 3105 630 3165; x_wconf 89' lang='lat' dir='ltr'>Dixerit</span> <span class='ocrx_word' id='word_1_129' title='bbox 650 3106 682 3163; x_wconf 89' lang='lat' dir='ltr'>in</span> <span class='ocrx_word' id='word_1_130' title='bbox 702 3124 751 3161; x_wconf 90' lang='lat' dir='ltr'>me</span> 
     </span>
    </p>

    <p class='ocr_par' dir='ltr' id='par_1_30' title="bbox 220 3189 777 3266">
     <span class='ocr_line' id='line_1_31' title="bbox 220 3189 777 3266; baseline -0.004 -17"><span class='ocrx_word' id='word_1_131' title='bbox 220 3190 296 3265; x_wconf 80' lang='lat' dir='ltr'>Quis</span> <span class='ocrx_word' id='word_1_132' title='bbox 315 3192 388 3266; x_wconf 88' lang='lat' dir='ltr'>tale,</span> <span class='ocrx_word' id='word_1_133' title='bbox 411 3192 501 3250; x_wconf 89' lang='lat' dir='ltr'>fidem</span> <span class='ocrx_word' id='word_1_134' title='bbox 521 3192 623 3251; x_wconf 91' lang='lat' dir='ltr'>nullus</span> <span class='ocrx_word' id='word_1_135' title='bbox 646 3189 777 3248; x_wconf 90' lang='lat' dir='ltr'>habebit.</span> 
     </span>
    </p>

    <p class='ocr_par' dir='ltr' id='par_1_31' title="bbox 219 3276 672 3353">
     <span class='ocr_line' id='line_1_32' title="bbox 219 3276 672 3353; baseline -0.009 -16"><span class='ocrx_word' id='word_1_136' title='bbox 219 3276 300 3337; x_wconf 85' lang='lat' dir='ltr'>Nam</span> <span class='ocrx_word' id='word_1_137' title='bbox 323 3277 429 3337; x_wconf 86' lang='lat' dir='ltr'>felices</span> <span class='ocrx_word' id='word_1_138' title='bbox 452 3277 527 3353; x_wconf 90' lang='lat' dir='ltr'>petit</span> <span class='ocrx_word' id='word_1_139' title='bbox 549 3276 672 3335; x_wconf 85' lang='lat' dir='ltr'>invidia.</span> 
     </span>
    </p>

    <p class='ocr_par' dir='ltr' id='par_1_32' title="bbox 219 3361 679 3440">
     <span class='ocr_line' id='line_1_33' title="bbox 219 3361 679 3440; baseline -0.002 -18"><span class='ocrx_word' id='word_1_140' title='bbox 219 3365 261 3422; x_wconf 83' lang='lat' dir='ltr'>At</span> <span class='ocrx_word' id='word_1_141' title='bbox 283 3362 350 3421; x_wconf 89' lang='lat' dir='ltr'>sine</span> <span class='ocrx_word' id='word_1_142' title='bbox 370 3363 487 3440; x_wconf 81' lang='lat' dir='ltr'>magnis</span> <span class='ocrx_word' id='word_1_143' title='bbox 511 3363 572 3439; x_wconf 92' lang='lat' dir='ltr'>ipsi</span> <span class='ocrx_word' id='word_1_144' title='bbox 593 3361 679 3439; x_wconf 84' lang='lat' dir='ltr'>parvi</span> 
     </span>
    </p>

    <p class='ocr_par' dir='ltr' id='par_1_33' title="bbox 219 3445 766 3522">
     <span class='ocr_line' id='line_1_34' title="bbox 219 3445 766 3522; baseline -0.007 -17"><span class='ocrx_word' id='word_1_145' title='bbox 219 3448 352 3505; x_wconf 89' lang='lat' dir='ltr'>Intutum</span> <span class='ocrx_word' id='word_1_146' title='bbox 377 3449 456 3506; x_wconf 81' lang='lat' dir='ltr'>arcis</span> <span class='ocrx_word' id='word_1_147' title='bbox 480 3456 552 3506; x_wconf 88' lang='lat' dir='ltr'>sunt</span> <span class='ocrx_word' id='word_1_148' title='bbox 574 3445 766 3522; x_wconf 88' lang='lat' dir='ltr'>praesidium.</span> 
     </span>
    </p>

    <p class='ocr_par' dir='ltr' id='par_1_34' title="bbox 220 3524 904 3607">
     <span class='ocr_line' id='line_1_35' title="bbox 220 3524 904 3607; baseline -0.015 -16"><span class='ocrx_word' id='word_1_149' title='bbox 220 3531 302 3591; x_wconf 85' lang='lat' dir='ltr'>Nam</span> <span class='ocrx_word' id='word_1_150' title='bbox 325 3551 390 3591; x_wconf 89' lang='lat' dir='ltr'>cum</span> <span class='ocrx_word' id='word_1_151' title='bbox 409 3532 504 3591; x_wconf 79' lang='lat' dir='ltr'>&#39;divite</span> <span class='ocrx_word' id='word_1_152' title='bbox 525 3533 603 3591; x_wconf 89' lang='lat' dir='ltr'>bene</span> <span class='ocrx_word' id='word_1_153' title='bbox 622 3531 709 3607; x_wconf 85' lang='lat' dir='ltr'>plebs&#39;</span> <span class='ocrx_word' id='word_1_154' title='bbox 733 3547 797 3587; x_wconf 86' lang='lat' dir='ltr'>rem</span> <span class='ocrx_word' id='word_1_155' title='bbox 817 3524 904 3603; x_wconf 83' lang='lat' dir='ltr'>gerit,</span> 
     </span>
    </p>

    <p class='ocr_par' dir='ltr' id='par_1_35' title="bbox 220 3616 669 3694">
     <span class='ocr_line' id='line_1_36' title="bbox 220 3616 669 3694; baseline -0.004 -18"><span class='ocrx_word' id='word_1_156' title='bbox 220 3617 317 3677; x_wconf 86' lang='lat' dir='ltr'>Dives</span> <span class='ocrx_word' id='word_1_157' title='bbox 343 3635 408 3676; x_wconf 83' lang='lat' dir='ltr'>cum</span> <span class='ocrx_word' id='word_1_158' title='bbox 427 3616 516 3694; x_wconf 88' lang='lat' dir='ltr'>plebe</span> <span class='ocrx_word' id='word_1_159' title='bbox 539 3618 669 3676; x_wconf 84' lang='lat' dir='ltr'>fovetur.</span> 
     </span>
    </p>

    <p class='ocr_par' dir='ltr' id='par_1_36' title="bbox 221 3702 674 3763">
     <span class='ocr_line' id='line_1_37' title="bbox 221 3702 674 3763; baseline -0.011 0"><span class='ocrx_word' id='word_1_160' title='bbox 221 3703 334 3763; x_wconf 83' lang='lat' dir='ltr'>Verum</span> <span class='ocrx_word' id='word_1_161' title='bbox 356 3703 429 3761; x_wconf 89' lang='lat' dir='ltr'>talia</span> <span class='ocrx_word' id='word_1_162' title='bbox 451 3720 544 3761; x_wconf 82' lang='lat' dir='ltr'>seusa</span> <span class='ocrx_word' id='word_1_163' title='bbox 567 3702 674 3760; x_wconf 87' lang='lat' dir='ltr'>docere</span> 
     </span>
    </p>

    <p class='ocr_par' dir='ltr' id='par_1_37' title="bbox 222 3786 676 3865">
     <span class='ocr_line' id='line_1_38' title="bbox 222 3786 676 3865; baseline -0.011 -18"><span class='ocrx_word' id='word_1_164' title='bbox 222 3787 295 3847; x_wconf 85' lang='lat' dir='ltr'>Nou</span> <span class='ocrx_word' id='word_1_165' title='bbox 317 3789 424 3865; x_wconf 81' lang='lat' dir='ltr'>possis</span> <span class='ocrx_word' id='word_1_166' title='bbox 446 3786 536 3844; x_wconf 81' lang='lat' dir='ltr'>corda</span> <span class='ocrx_word' id='word_1_167' title='bbox 560 3786 676 3862; x_wconf 87' lang='lat' dir='ltr'>supina.</span> 
     </span>
    </p>
   </div>
   <div class='ocr_carea' id='block_1_3' title="bbox 0 0 1461 4650">
    <p class='ocr_par' dir='ltr' id='par_1_38' title="bbox 0 0 1461 4650">
     <span class='ocr_line' id='line_1_39' title="bbox 0 0 1461 4650; baseline 0 0"><span class='ocrx_word' id='word_1_168' title='bbox 0 0 1461 4650; x_wconf 95' lang='lat' dir='ltr'> </span> 
     </span>
    </p>
   </div>
  </div>
 </body>
</html>
