2884 4650
577 565 728 660 ..53¹—

194 729 318 788 Elfflant.
341 732 464 808 Agesis,
484 735 618 808 quisquis
640 736 753 794 amicus

195 814 278 873 Ades
298 814 348 872 hie
370 835 528 891 praesens,
550 837 694 896 propera,
718 838 823 877 curre:

193 895 340 975 Impende
359 901 426 960 viro
452 902 525 961 forti
542 904 681 962 officium.

194 987 241 1044 Ae
259 1003 350 1043 nemo
371 986 502 1060 quidem,
524 990 610 1062 queis
632 991 753 1065 loquor,
776 989 879 1045 horum

193 1069 289 1129 Aiace
312 1069 369 1128 fuit
391 1071 498 1130 melior
519 1075 574 1131 vir.
648 1141 653 1152 Ι

196 1153 251 1214 Oh.
297 1156 395 1230 Quam
418 1157 512 1215 multa
533 1159 605 1218 viris
626 1158 698 1216 licet
719 1156 854 1234 expertis

195 1239 324 1297 Temere
348 1240 474 1300 discere.
499 1243 553 1301 sed
575 1244 752 1320 inexpertus

194 1324 370 1402 Praesagus
393 1345 481 1385 nemo
504 1327 596 1385 futuri
619 1337 674 1387 est.

373 1571 655 1652 arserimus
680 1570 926 1650 nsssmm.

196 1738 402 1815 Quaecunque
422 1743 534 1817 poscis,
554 1743 658 1800 ultima
680 1761 719 1800 ex
742 1741 860 1817 origine

193 1824 292 1883 Plane
312 1826 477 1902 expedibo:
500 1827 555 1886 sed
577 1835 678 1887 tamen
698 1825 850 1903 prolixius

193 1910 309 1968 Parcas
328 1910 477 1986 loquenti:
500 1933 562 1970 non
587 1913 666 1970 enim
685 1913 783 1988 virgo,
803 1919 837 1966 ut
858 1908 954 1986 prius,

195 1993 311 2055 Secura
331 1996 420 2054 solvit
441 1997 602 2073 multiplex
624 2015 659 2054 os
678 1996 853 2066 carminum,

195 2079 259 2141 Sed
282 2090 311 2139 et
332 2081 488 2139 tumultum
516 2081 674 2138 murmuris
698 2079 784 2137 multi
808 2080 903 2151 ciens,
1123 2083 1140 2136 5

195 2163 418 2241 superstitiosa
438 2167 524 2224 fauce
548 2167 696 2226 bacchata
716 2174 764 2223 est
780 2183 899 2236 sonum,

195 2251 423 2310 Tenebricosae
444 2253 539 2311 verba
561 2250 706 2329 Sphingis
728 2249 903 2308 aemulans:

195 2335 330 2410 Quorum
352 2356 467 2396 mernor
484 2357 569 2397 mens
601 2335 678 2412 quae
700 2337 773 2393 mihi
795 2354 875 2394 nunc
898 2331 1044 2411 suggerit,

194 2422 328 2482 Adverte
348 2422 430 2495 Rex,
452 2432 623 2498 putansque
641 2430 740 2479 mente
763 2421 893 2499 singula,

193 2507 344 2566 Percurre
367 2508 531 2566 dictionum
545 2507 787 2566 inobservabiles

195 2590 342 2653 Scrutaris
365 2611 516 2666 camenas,
540 2611 599 2667 qua
623 2592 768 2669 expedita
788 2592 895 2651 semita

193 2678 243 2737 Ad
261 2678 385 2754 planam
407 2678 524 2755 ineptos
548 2679 629 2735 ducit
652 2696 780 2735 erroresv
793 2677 882 2736 viam.

193 2764 262 2840 Ego
284 2771 316 2821 at
338 2763 449 2822 solutis
477 2782 626 2821 carcerum
648 2762 801 2839 repagulis

193 2848 364 2907 Verborum
388 2848 477 2907 obibo
498 2850 655 2907 flexuosos
675 2848 833 2922 tramites,

193 2933 387 3008 Primumque
410 2934 538 3010 pulsans
561 2934 712 3009 oppidum,
735 2942 767 2990 ut
791 2948 897 2991 cursor
919 2930 1008 2988 celer.
1126 2938 1157 2990 15

193 3020 311 3077 Matuta
333 3018 490 3096 Fagutalis
514 3019 591 3077 arcis
616 3018 746 3075 culmina

196 3102 274 3163 Citis
296 3103 513 3180 supervolabat
535 3104 593 3162 alis
613 3103 737 3180 Pegasi,

195 3186 325 3247 Caecum
345 3190 482 3247 maritum
505 3189 643 3264 proxime
665 3186 795 3247 (lernam
816 3189 946 3247 insulam

194 3275 280 3332 Toro
304 3273 490 3349 relinquens,
513 3274 685 3351 bigenerem
708 3274 831 3331 fratrem
856 3282 954 3332 tunm:

195 3358 430 3434 Tranquillaque
455 3360 534 3419 ocris
555 3360 677 3417 concavi
697 3359 853 3417 ancoralia
1123 3360 1158 3415 20

193 3441 315 3502 Nautae
337 3444 472 3518 luebant,
495 3452 585 3521 atque
607 3444 730 3503 tonsilla
750 3452 853 3501 tenus:

192 3529 392 3587 Puellicidam
416 3539 446 3587 et
471 3529 675 3607 vermigradae
698 3528 848 3589 Salaciam

195 3613 303 3691 Scapis
325 3615 455 3673 ruebant
476 3634 492 3671 e
512 3614 705 3673 columbariis
731 3613 795 3672 suis

194 3698 405 3759 Ciconiv'estes
427 3699 557 3775 pupulas
581 3699 772 3768 Phalacriae,

193 3785 283 3845 Ultra
303 3782 456 3860 Calydnas
481 3785 670 3843 obstinentes
692 3780 854 3859 palmulas,
