2884 4650
544 608 548 613 .
625 551 686 615 235

244 715 342 791 διδου,
364 716 403 778 τὰ
428 675 695 800 δυσβάστακτα
662 740 774 801 τητρ
737 718 756 781 5
759 720 835 802 ρχῆτ
857 719 935 802 βοίη
876 742 935 803 αηρ

243 799 382 863 δούλοισι
402 822 530 878 πιστοιτ,
550 826 567 865 τ
572 803 741 886 ’ἀσφαλὲς
761 806 815 865 τοῦ
837 807 893 865 505
915 804 983 887 βιού

241 885 453 1038 5555ss
471 885 821 1077 5055555
829 909 941 1056 {²5⁰

241 1054 373 1137 κράτους
397 992 514 1137 ὁμοίως
535 1052 686 1120 Κελτικοῦ
709 1055 746 1118 τὰ
767 1057 871 1138 καίρια
972 1088 974 1093 v
1009 1074 1011 1081 “

242 1140 308 1207 ταῖς
332 1141 400 1206 σαῖς
419 1138 579 1229 μερίμναις
598 1141 750 1249 ἀσφαλῶς
772 1139 924 1245 ἐπίτρεπε.

244 1223 261 1285 5
284 1220 400 1326 κόσμος
419 1224 439 1305 ἡ
460 1206 646 1306 εύηένειά’
621 1249 638 1287 τ
673 1224 804 1307 ἀλκίμου
825 1222 947 1309 πρύμοο

244 1306 322 1369 τότ’
349 1307 470 1390 ἀξίωμα
489 1310 585 1371 καλὸν
609 1309 802 1381 ἐξετάζεται

243 1391 278 1454 ἐκ
298 1396 353 1455 τοῦ
376 1392 484 1495 δικαίῳ
502 1393 661 1456 πλείον”“
644 1418 664 1477 η
688 1394 813 1477 πλούτιρ
836 1391 949 1475 νέμειν,

264 1475 409 1559 ουλην
378 1498 395 1537 τ
411 1455 555 1579 ἀρίστην
579 1478 698 1583 πρύσθε
718 1478 816 1539 τῶνδ
821 1479 911 1585 ιύρορν
935 1474 1029 1581 ἔχειν,

265 1581 308 1629 τις
328 1583 404 1623 τα
388 1558 550 1641 τόπίσω,
575 1564 664 1626 τάτε
687 1564 746 1646 πρὸ
770 1567 837 1635 τοῦ,
858 1560 895 1624 τὰ
917 1560 1055 1623 νύνθΗ
1043 1566 1112 1647 ορᾷ.

243 1644 338 1729 νύμος
360 1645 395 1707 δὲ
415 1645 465 1707 καὶ
486 1647 520 1710 τδ
540 1648 783 1754 δυσπαραίτητον
800 1645 910 1728 νόμον,

243 1732 295 1793 καὶ
318 1733 378 1792 τῶν
398 1732 594 1795 παλαιῶν’
561 1756 664 1817 κυριαι
688 1731 775 1801 δόξαι
796 1734 903 1814 σοφῶν

244 1815 371 1877 ἕκαστον
396 1813 574 1897 ἐντρέπουσι
595 1817 732 1899 κοσμίως
752 1816 851 1919 βιούν,

178 1970 185 1980 ,
244 1898 282 2002 τδρ
299 1902 455 1981 συγγενῶν
478 1923 511 1961 τε
534 1900 654 1985 χρηστὰ
676 1898 928 2003 συφρονίσματα,

242 2006 265 2067 χ
270 1982 527 2065 ’ἡνοοθετούν
517 2008 571 2047 ων
593 1985 714 2069 φροντὶς
738 1982 882 2067 ἑντρεχὴς
905 1982 1014 2065 φιλῶν,

245 2069 262 2131 5
290 2068 448 2150 δυσμενῶν
470 2092 503 2130 τε
523 2072 700 2151 κατάγελως
721 2068 759 2131 τὰ
787 2068 952 2151 σφάλματα

244 2155 305 2298 555
317 2150 1003 2344 δχειίύδίρύλίσςτεέμηῖαύύζλνιιῖρυίύμύςολυης
928 2236 954 2298 τ’
982 2234 1073 2321 ἄκρα,

569 2284 579 2315 9
851 2282 860 2311 2

244 2318 351 2404 νόμοις
372 2321 526 2428 πατρῴοις
548 2324 584 2406 ἣν
608 2322 720 2430 νέμεις,
745 2320 879 2396 ἐξουσία,

243 2407 295 2468 καί
304 2411 372 2508 τῆς
395 2407 543 2512 τεκούσης
565 2409 598 2470 αί
621 2408 819 2516 φιλόστοργοι
836 2404 988 2511 φρένες,

243 2514 264 2574 η
284 2513 301 2552 τ
304 2489 566 2576 αύταδέλφου
556 2492 733 2576 πιστύφριυν
754 2490 873 2574 ὁμιλία,
914 2551 915 2554 ,

242 2576 390 2638 καὶτῶν
399 2578 513 2638 λεων
499 2601 518 2660 η
544 2600 666 2684 φροντις
687 2575 835 2658 εὐπειθὴς
857 2576 972 2676 πάρα..

200 2659 279 2740 πρὸς
301 2664 356 2722 τοῦ
378 2661 499 2723 τελείου
543 2661 676 2730 ασιλέιοτ
697 2662 748 2723 καὶ
771 2664 935 2762 νητρεκοῦς

245 2740 324 2807 ἔστιν
349 2746 478 2831 φιλῆσαι
498 2768 552 2830 την
571 2747 670 2830 δίκην,
699 2745 762 2830 σάφ
767 2743 881 2806 ’'5555
906 2743 962 2825 ύτι,

246 2829 337 2912 ρύσαι
359 2851 423 2891 τε
413 2830 522 2936 ’.λη’θη
542 2854 595 2914 της
618 2809 801 2913 ἐπειγούσης
823 2829 906 2913 δύης,

244 2913 382 2995 ἀγαθοὺς
404 2915 458 2996 μὲν
483 2913 596 2995 αύΕειν,
616 2916 668 2978 καὶ
689 2913 902 2977 κολούσασθαι
926 2913 1051 2991 κακοὺς,

243 3000 355 3102 κράτρς
375 3005 519 3108 πατρῴην
542 3001 595 3084 την
617 3023 651 3062 τε
671 3021 727 3082 γην
750 2998 943 3076 ἐπαυξάνειν,

241 3081 327 3147 τοῦτ’
352 3081 391 3147 αύ
417 3085 586 3193 μονάρχην,
609 3085 743 3168 δηλον
728 3105 770 3152 ως
787 3087 876 3167 τηρεῖ
894 3083 999 3166 μέγαν.

201 3165 228 3229 5
249 3167 388 3252 πάνσοφ
390 3213 400 3245 ,
419 3167 452 3230 εί
472 3192 523 3231 σοι
541 3167 655 3234 Μοῦσα
673 3168 830 3252 παρθενου
853 3167 951 3250 μέλει,

244 3252 330 3321 ἐλπις
349 3255 384 3316 τὸ
408 3253 516 3316 λοιπόν
540 3253 667 3331 ἐστιν,
651 3277 694 3322 ως
717 3254 860 3336 διάΕομαι

241 3335 380 3400 κλύουσά
405 3360 465 3422 μου
492 3341 656 3421 μολπαῖσιν
680 3337 898 3448 ἐντονμιτέραιτ

243 3421 278 3485 τύ
300 3443 317 3484 τ
322 3420 486 3506 ’ἐνάρετον
508 3429 617 3497 σού,
597 3425 651 3506 τήν
674 3423 700 3484 τ’
724 3423 865 3505 ἀοίδιμον
887 3420 986 3503 χάριν.

244 3506 321 3570 ὥστ’
343 3507 388 3575 εἰς
407 3508 441 3570 5
462 3507 577 3591 μέλλον
602 3465 634 3571 αί
654 3507 709 3613 κύρ
713 3530 744 3570 αι
764 3505 945 3610 Πικταβιδες

242 3595 320 3678 πρὸς
340 3587 476 3660 Κλάνιοτ
498 3592 609 3678 ὄχθαις
632 3591 716 3676 μύρι’
741 3589 833 3675 ᾆσον
822 3611 866 3654 αι
888 3587 978 3671 μέλη.

287 3690 355 3742 Bere
377 3692 412 3740 nd
435 3691 544 3742 verbum
562 3707 598 3741 ex
616 3655 779 3754 ααιοςτκρύο
798 3684 964 3738 Gallicano
955 3687 1038 3752 ιριίιιυ
1052 3699 1115 3752 poe·
1144 3665 1151 3680 ⁸

351 3759 416 3809 ιιτέε
434 3761 467 3809 εδ
487 3774 535 3809 noe
556 3761 590 3810 ab
609 3775 641 3810 οα
658 3760 750 3810 misso.
767 3753 847 3808 Anno
867 3749 942 3808 1578.
