2884 4650
629 481 691 540 249

210 667 260 729 μς.
271 640 387 728 Μοόνιρ
401 641 498 726 ἄθυρε
519 642 632 729 τρόχφ.
646 642 781 729 Κυβείαν
801 647 902 706 πᾶσαν
914 645 1039 709 ἀλεόου.
1066 650 1116 729 μζ.

178 776 182 784 .
210 724 364 813 μη.Ἰσχῦ“ι’
379 728 474 812 μηδὲν
488 728 634 811 ἐπίτρεπῖ
657 727 830 793 Ἐλάσσονα
843 730 883 811 μὴ
898 729 1031 811 ἀθέριζε.
1063 732 1115 814 μθ.

206 835 233 875 ν.
264 813 451 896 Ἀλλοτρίων
470 814 608 875 κτεάνων
618 816 659 898 μή
673 838 707 877 σε
722 813 836 898 φρένας
846 812 951 895 ίμερος
964 811 1061 877 ἔλθοι.

206 919 255 960 να.
265 894 327 979 Τὴν
347 896 482 980 γαμετὴν
502 897 555 979 σὴν
574 898 793 983 ἀμφαγάπαζε.
816 894 863 1000 Τρλ
880 896 970 959 τέκνα
988 900 1028 960 δι·
1070 902 1117 984 νβ.

207 1036 315 1148 νμὋν
329 1064 404 1128 θέσο
417 1065 543 1149 θεσμὸν,
552 1064 665 1149 ἔνεγκε.
689 1068 786 1129 Λάλει
798 982 971 1149 &aggia
981 1068 1050 1151 βρά-
1071 1069 1116 1130 νδ.

207 1256 251 1296 νε.
264 1230 357 1296 Τοῦθ
367 1232 477 1317 ἕρδειν,
486 1233 502 1295 δ
511 1233 626 1297 δίκαιον
635 1233 704 1319 ἔφυ.
713 1212 773 1299 Τόν
785 1173 1052 1319 έρίόέἀαφέρεινεό.
1072 1257 1117 1304 νς.

476 1398 646 1466 ΒΙΒΛΙΟΝ
665 1398 844 1467 ΠΡΩΤΟΝ.

208 1488 248 1552 Α.
294 1482 332 1549 Εἰ
355 1483 434 1554 Θεός
455 1485 518 1548 ἔστι
540 1491 621 1567 νοῦς,
645 1490 687 1554 ὥς
709 1486 851 1570 θέσφατα
873 1490 948 1574 φησὶ
966 1491 1118 1564 παλαιῶν,

293 1567 407 1645 Καὶσὺ
424 1570 500 1652 μάλ’
516 1571 667 1639 ἐνδυκέως
680 1571 811 1656 καθαρῷ
824 1574 881 1653 νοΐ,
905 1573 994 1636 τόνδε
1006 1571 1117 1657 σέβιζε.

208 1655 247 1721 Β.
282 1652 338 1718 ’Τὸ
356 1652 450 1717 πλέον
463 1656 617 1738 ἀγρύπνει,
634 1656 675 1738 μὴ
686 1656 826 1739 ἀμέτρως
839 1658 869 1720 δ’
885 1658 947 1720 ἴσθι
960 1658 1117 1741 φίλυπνος.

292 1738 332 1802 Ἡ
346 1741 445 1824 μακρή
459 1743 489 1821 γ’
504 1740 669 1803 ἀνάπαυλα
682 1742 799 1825 τροφὴν
815 1742 966 1804 παθέεσσι
979 1746 1118 1825 χοηργεῐ.

209 1825 243 1889 Γ.
291 1822 420 1908 Πρώτην
443 1832 502 1887 τῶν
524 1824 640 1903 ἀρετῶν
657 1826 736 1907 ἡγοῦ
747 1825 800 1906 τὴν
817 1829 958 1905 γλῶσσαν
971 1826 1117 1909 ἐπισχεῖν.

287 1908 379 1992 Ἂγχι
400 1908 476 1971 θεοῦ
499 1907 556 1991 γὰρ
582 1908 709 1985 ἐκεῖνος,
734 1908 768 1975 ὃς
790 1908 871 1971 οἶδεν
894 1910 997 1992 καίρια
1024 1914 1118 1992 σιγᾷν.

209 1994 244 2057 Δ.’
285 1991 437 2077 Ῥίγμασιν
462 1992 630 2073 ἀντιλόγοις
651 1993 691 2076 μὴ
715 1992 849 2062 ἐναντίος
873 1992 935 2056 ’ίσθι
958 1998 1088 2077 σεαυτῷ.

296 2075 406 2141 Οῦδενὶ
429 2078 640 2161 συμφωνήσει,
660 2077 693 2143 ὃς
714 2076 750 2138 οῦ
773 2082 936 2163 συμφωνεῖ
957 2079 1069 2161 ἑαυτῷ.

207 2161 245 2227 Ε.
287 2160 345 2225 Ἦν
357 2162 422 2225 ποτ’
438 2161 469 2229 ἐς
481 2160 652 2245 ἀνθρώπων
666 2162 774 2243 ἔπίδῃς
785 2162 861 2246 βίον,
869 2163 951 2247 ἤθεα
962 2162 988 2224 τ’
1003 2162 1119 2224 αὐτῶν·

295 2243 362 2330 Κῷν
376 2246 463 2308 αὐτοὶ
475 2246 619 2330 μωμῶντ’
636 2246 761 2322 ἄλλους,
773 2251 832 2309 τῶν
846 2247 877 2309 δ’
891 2248 972 2315 οὔτις
980 2246 1119 2330 ἄμωμος.

209 2357 236 2404 ς.
290 2328 1121 2417 Κτησάμενοςβλαβερόντι,καὶείφιλονἔσπλπαραιτοῦ.

289 2413 376 2479 ’Έσθ
385 2415 430 2478 ότι
438 2417 681 2480 δεῖπλοότοιοτὰ
689 2417 833 2500 σόμφορα
841 2418 974 2501 πρόσθεν
986 2415 1121 2480 ἑλέσθαι

209 2501 244 2566 Ζ.
286 2498 343 2569 Ὣς
357 2500 448 2582 λόγος
462 2502 595 2585 αίρῷται,
618 2502 728 2584 σεμνός
744 2505 847 2582 γενοῦ,
863 2503 921 2585 ἠδὲ
934 2502 1098 2585 προσηνής.

290 2582 342 2648 Ἐν
362 2589 461 2668 καιρῷ
482 2585 668 2669 σοφόςῆθος
688 2586 882 2668 ἀνεγκλήτως
904 2586 1099 2669 μεταβάλλει.

209 2670 248 2736 H.
292 2667 489 2754 Μεμφομένγγ
515 2669 647 2737 δοόλους
669 2670 710 2753 μὴ
737 2669 813 2752 ἄγαν
834 2671 956 2734 πίστευε
980 2671 1121 2753 δάμαρτι.
1182 2704 1187 2711 1

279 2752 489 2836 ’Πολλάκιςίγ
515 2754 708 2837 σόλλεκτρος,
733 2755 767 2816 ὃν
789 2755 865 2839 ἀνὴρ
890 2756 1012 2839 φίλατο,
1028 2758 1120 2837 μισεῖ.

210 2839 246 2903 Θ.
287 2837 343 2902 Ἦν
360 2861 426 2901 τινα
441 2838 616 2922 νουθετέγγς,
640 2841 655 2901 ό
675 2838 705 2902 δ’
722 2839 880 2922 ἐφετμέων
896 2841 953 2902 οῦκ
969 2838 1121 2921 ἔπακοόγγ,

293 2921 331 2987 Εἰ
352 2924 436 3006 μάλα
459 2945 506 3006 μιν
526 2924 636 3006 κραδίγγ
661 2922 787 3007 φιλέεις,
811 2925 852 3008 μὴ
873 2928 948 3006 λῆγε
970 2927 1121 3007 μενοινῗγς.

209 3006 234 3073 Ι.
294 3006 346 3090 Μὴ
370 3007 507 3090 συνέριζε
530 3006 612 3092 λόγῳ
634 3012 697 3076 τοῖς
721 3009 863 3092 ἀνδράσιν
895 3007 1120 3092 ἀκριτομόθοις.

295 3091 375 3156 Πᾶσι
397 3090 488 3174 λόγος
510 3091 649 3168 δέδοται,Ι
666 3092 759 3177 σοφίη
779 3094 814 3154 δὲ
833 3099 951 3177 φρενῶν
967 3093 1105 3173 όλίγοισι.

209 3176 261 3240 ΙΑ.
285 3174 344 3245 Ὦς
370 3176 484 3244 ἀλλους
502 3175 630 3260 φιλέειν,
651 3179 693 3246 ὣς
711 3179 762 3241 καὶ
785 3178 873 3261 φιλας
895 3177 973 3240 εἶναι
993 3176 1107 3257 ἑαυτῷ.

289 3259 348 3330 Ὦς
367 3264 512 3347 χρηστοῖς
536 3258 589 3323 ἔσο
609 3263 760 3346 χρηστὸς,
791 3262 876 3408 όιὲως
895 3262 1010 3346 βλάβος
1030 3258 1121 3320 οὐδὲν

836 3347 909 3408 πίσπ
935 3367 958 3411 ς.

210 3426 262 3493 IB.
295 3429 398 3511 Φεῦγε
413 3429 502 3498 νέους
510 3428 672 3514 θρόλλους,
681 3431 721 3514 μὴ
732 3369 968 3513 καινοτόμοςῃτὶς
976 3425 1121 3534 ἀκοόσρς.

296 3510 418 3577 Οὐδένα
438 3515 466 3596 γ’
485 3513 505 3596 ἡ
521 3515 599 3599 σιγὴ,
614 3517 647 3578 τὸ
665 3516 801 3597 λαλῆσαι
823 3515 851 3575 δ’
865 3512 965 3596 ἤκαχε
976 3513 1122 3580 πολλους.

210 3597 259 3662 ΙΓ.
292 3595 413 3661 Ἐλπίδ
436 3599 623 3682 ἀπαγγελίης
646 3600 686 3682 μὴ
711 3598 836 3680 ἑτοίμην
859 3597 967 3660 αὐτίκα
989 3597 1078 3679 ἡγοῦ.

289 3680 331 3745 Ἣ
350 3683 447 3751 πίστις
469 3684 578 3766 σπανίη
598 3682 640 3766 γ’,
664 3682 710 3746 ότι
726 3682 838 3744 πολλοὶ
851 3682 954 3745 πολλὰ
967 3683 1108 3744 λαλοῦσι.
