2884 4650
580 521 731 615 —16-1—

198 681 386 760 Πλακιάδαι,
406 683 427 765 ή
450 684 466 746 ό
488 681 643 754 Στέλαιυς.
666 686 695 749 Π
715 684 832 768 α’γματ’
857 685 888 755 ἐξ
908 688 1065 772 ἀπραξίας.

196 766 346 835 Πλείυνες
364 772 424 830 τῶν
445 764 669 853 Καλλικυρίιυν.
691 710 743 839 ’θὶς
763 768 850 851 αἶγας
870 771 984 855 ἀγρίοις.

197 851 369 935 Πομφόλυξ
394 851 566 936 ἄνθρωπος.
596 851 702 941 Οόρίῳ
723 854 874 939 φέρεσθαι
892 857 1049 941 πνεύματι.
1120 926 1124 931 ,

196 937 272 1019 Πρὶν
292 938 399 1021 λαχεῖν
418 936 457 1000 τὰ
480 937 562 1000 κοῐν’
584 940 750 1009 ἀπεσθίεις.
774 937 901 1002 Σκυθῶν
924 941 1045 1025 ἐρημία.

196 1019 688 1109 Πρδςτὸνεόπράσσυντατοῖχον.
709 1022 1110 1111 Οὐδ’ἐλείφθηπυρφόρος.

196 1104 430 1190 Πτωχαλαίών.
443 1102 535 1169 Ἐστι
553 1109 605 1171 καὶ
627 1114 711 1192 σιγῆς
732 1109 889 1171 ἀκίνδυνον
910 1109 1011 1194 γέρας.

196 1188 354 1273 Πυρρίχην
377 1189 493 1273 βλέπει.
517 1189 654 1275 Πίθηκος
677 1195 840 1261 ἀνάπλεως
862 1194 1043 1278 ψιμμυθίου.

195 1273 381 1358 Σιφνιάίειν.
396 1269 515 1359 Ὥσπερ
539 1276 718 1363 εὐπάρυφος
738 1278 772 1341 ἐκ
793 1279 967 1363 κωμῳδίας.

194 1358 439 1443 Στρεψίμοιλλος.
466 1356 510 1423 Οὐ
533 1360 591 1443 γὰρ
614 1363 713 1432 οὕτως
736 1362 811 1426 οὐδὲ
834 1363 976 1446 κείσομαι
995 1365 1108 1427 πεσών.

195 1441 296 1505 Σῶκον
316 1444 417 1511 αἰτεῖς.
439 1440 494 1513 Εἰς
514 1443 601 1507 Θεῶν
622 1447 680 1509 ὦτ’
696 1448 804 1532 ἦλθεν.
824 1447 981 1531 Ἀδμήτου
1005 1448 1107 1533 μέλος.

196 1523 397 1611 Συκοφάντης
415 1526 494 1597 Χῖος
517 1530 693 1595 ἀποπατῶν.
714 1530 829 1600 Ῥάκος
850 1532 1045 1617 πολυσχιδές.

197 1609 357 1675 Ταντάλου
380 1614 524 1677 τάλαντα.
543 1611 727 1698 Κιορυκαῖος
748 1619 928 1701 ήκροάίετο.

197 1693 257 1794 ,Τὸν
280 1695 414 1761 θέλοντα
435 1699 508 1801 βρῦν
532 1696 654 1801 ἔλιρυνε.
678 1698 720 1765 Τδ
743 1701 939 1809 Φιλοξένειον
961 1700 1010 1806 οὔ,

189 1776 374 1948 όῗλζθέέ
396 1783 857 1953 όῗῗὲοἷλιλόὲῗῦὸιέήίἷπ
869 1785 1075 1954 ήίθῖἰστηρω·

197 1948 326 2017 Φειδίας
348 1956 502 2034 προσῆκεν
528 1952 645 2035 εἰρήνῃ.
670 1950 782 2016 Κακῶν
805 1955 954 2037 τρικυμία.

193 2031 247 2101 Ὡς
270 2034 331 2096 άπὸ
357 2040 492 2104 σκοπιᾶς.
517 2036 647 2119 Ἀμόνει
675 2038 701 2099 δ)
729 2042 771 2105 ὡς
794 2036 903 2111 ἔοικεν,
924 2040 943 2120 ή
966 2039 1056 2121 πάγη.

193 2114 247 2186 Ὣς
270 2114 337 2203 ἔχει
357 2120 461 2185 ποδῶν
486 2120 622 2189 ἕκαστος.
647 2120 859 2204 Πειθανάγκην
882 2121 1064 2205 προστιθεῖς.

188 2197 306 2286 Ὥσπερ
329 2200 475 2288 Ἰβόκειος
494 2206 593 2273 ἵππος.
620 2205 778 2291 Ἡρακλῆς
801 2208 955 2281 ξενίζεται.
1067 2210 1075 2233 “

488 2292 651 2375 παροιμίαι
672 2292 807 2377 φυσικαί.

192 2370 391 2458 Ἀρχομένοο
416 2374 451 2436 δὲ
471 2375 561 2438 νότου
583 2378 634 2439 καὶ
656 2379 804 2461 λήγοντος
831 2375 954 2462 βορέαο.

189 2456 393 2541 Ἀρχομένων
420 2460 530 2523 σικόιυν
551 2462 601 2522 καὶ
624 2463 785 2543 ληγουαῶν
809 2463 1011 2524 κολοκυντῶν.

193 2539 250 2625 Είη
297 2542 326 2604 οὶ
347 2542 385 2604 τὰ
411 2545 520 2625 μεταξὺ
542 2542 696 2628 Κορίνθου
718 2547 769 2608 καὶ
789 2543 951 2613 Σικυῶνος.

191 2624 242 2690 Ἐν
294 2625 407 2709 ορόδου
430 2630 516 2713 κοίτη
542 2632 649 2713 οκολιή
673 2629 839 2714 κέκρυπται
863 2628 1020 2713 άγρωστις.
1081 2657 1084 2666 ’

194 2709 313 2795 Μηκέτι
333 2714 440 2780 νυκτὸς
462 2714 536 2794 ὕειν,
556 2712 578 2800 ή
596 2738 647 2777 κεν
670 2714 754 2776 τέκοι
779 2713 928 2798 ἀγροτέρη
954 2720 1014 2783 σῦς.

193 2793 312 2878 Μίνθην
337 2795 368 2856 ἐν
389 2797 518 2904 πολέμῳ
538 2801 608 2884 μήτ’
629 2798 725 2876 ἔσθιε,
747 2801 822 2883 μήτε
847 2799 969 2884 φότευε.

193 2877 376 2962 Νυκτερινδς
400 2883 512 2966 βυρεας
533 2886 630 2968 τρίτον
655 2883 769 2946 οὔποτε
791 2883 903 2968 φέγγος
924 2884 1009 2967 ἄητο.

193 2961 317 3047 Μήποτ’
339 2964 392 3026 ἀπ’
415 2968 544 3051 ήπείρου
569 2969 674 3053 δείσῃς
694 2969 797 3053 νέφος,
819 2973 861 3038 ῶς
882 2970 942 3032 ἀπὸ
965 2970 1077 3036 πόντου

194 3047 368 3132 Χειμῶνος.
391 3049 501 3136 θέρεος
522 3055 558 3116 δὲ
581 3053 633 3116 ἀπ’
657 3055 797 3138 ήπείροιο
823 3054 976 3137 μελαίνης.

192 3136 251 3219 Λὶψ
273 3131 387 3217 ἄνεμος
408 3137 485 3221 ταχὺ
508 3138 546 3222 δὴ
569 3138 710 3223 νεφέλας,
735 3139 812 3223 ταχὺ
838 3140 868 3200 δ’
889 3136 993 3222 α’ίθρια
1012 3142 1104 3202 ποιεῖ.

275 3216 429 3304 Ἀργέστγγ
454 3222 486 3284 δ’
512 3222 617 3308 ἀνέμῳ
641 3223 716 3286 πᾶσ’
741 3223 847 3286 ἕπεται
869 3221 993 3306 νεφέλη.
1047 3281 1050 3296 ,

275 3340 378 3350 ——
402 3310 488 3390 φιλεῖ
506 3308 541 3369 δὲ
561 3306 648 3376 νότος
672 3308 748 3390 μετὰ
769 3309 898 3392 πάχνην.

269 3386 413 3454 ’Ἀπαντα
435 3396 514 3475 γηρᾷ
534 3391 643 3468 τᾶλλα,
665 3394 744 3475 πλὴν
769 3391 864 3467 οίνου,
887 3387 1000 3472 χρόνῳ.

534 3476 617 3542 Ἀπδ
639 3477 748 3540 ἐθνῶν.

185 3556 303 3642 Ἀργος
325 3557 454 3643 ἄνυδρον
478 3561 529 3624 ἐδν
554 3562 674 3624 Δαναοὶ
692 3559 788 3624 θέσαν
808 3559 922 3641 Ἀργος
940 3555 1012 3622 ἔνυδ
1032 3583 1077 3624 ον.

191 3639 245 3710 Εἰς
265 3641 391 3706 Σκῶλον
413 3645 484 3728 μήτ’
508 3647 600 3714 αότδς
623 3644 703 3729 ἴμεν,
727 3643 796 3727 μήτ’
823 3642 909 3727 ἄλλῳ
932 3582 1070 3708 ἕπεσθαι.

189 3723 241 3789 Ἐν
267 3727 302 3788 δὲ
322 3725 419 3813 Πάρῳ
445 3733 563 3815 ψυχρὸν
587 3731 641 3813 μὲν
665 3729 761 3812 ὕδωρ,
783 3728 877 3876 καλρῳ
898 3727 932 3792 δὲ
954 3733 1103 3811 γυναῖκες.
