2884 4650
747 551 809 610 336

239 781 242 789 ,
325 720 480 798 Sponsum
498 720 629 780 futurum
652 720 794 797 Angitiae
817 717 960 796 (lytsicae

258 811 307 865 175
325 805 466 865 Ardentis
485 806 646 882 hospitem.
668 824 757 881 quem
778 805 817 862 ab
840 805 971 864 Oenone
991 803 1131 877 exulans,

323 892 454 950 Vertens
472 893 504 948 in
526 891 677 948 hominum
700 890 836 947 membra
853 890 997 949 formicas
1021 889 1142 964 breves,

324 977 518 1055 Pelasgicum
539 975 692 1052 Typhona
712 975 857 1051 produxit
877 982 975 1052 pater,

326 1062 448 1138 Septem
469 1081 486 1118 e
508 1059 617 1137 puellis
640 1060 763 1118 torridis
782 1060 882 1118 forma
900 1060 959 1118 lice

326 1147 526 1224 Superstitem
544 1163 636 1202 unum
658 1145 841 1203 vindicatum
861 1165 900 1203 ex
922 1146 1053 1223 ignibus.

261 1237 311 1291 180
327 1233 525 1308 Reciprocam
547 1229 600 1287 ille
621 1229 676 1288 sed
696 1229 868 1288 remanebit
883 1231 974 1304 viam,

327 1318 448 1394 Vespas
472 1317 535 1375 suis
558 1333 574 1372 e
595 1315 754 1391 pumicetis
776 1315 899 1374 exciens

329 1400 423 1475 Quasi
443 1421 519 1477 puer
539 1419 654 1476 vapore
678 1401 805 1458 suffiens
828 1401 965 1458 domum:

328 1488 367 1546 Et
390 1487 501 1543 caeteri
523 1485 612 1542 Burri
635 1484 874 1544 Duellinominis

327 1571 448 1630 Flabris
467 1572 624 1627 iuvencam
644 1569 775 1628 atabulis
799 1570 926 1627 caedent
945 1587 1052 1644 popae,

263 1662 312 1717 185
328 1658 457 1714 Matrem
479 1654 616 1712 draconis
639 1654 801 1712 incientem
821 1653 935 1730 Scyrii:

330 1741 429 1815 Quam
453 1759 545 1816 saepe
565 1739 676 1796 coniux
698 1737 923 1815 Salmydesinm
947 1739 1045 1797 salum

328 1825 412 1883 Intra
433 1825 590 1899 requirens
612 1823 840 1882 immolatricem
860 1823 1026 1900 hospitum,

330 1909 555 1988 Spumifragam
575 1910 706 1968 insulam
727 1909 879 1968 obsidebit
901 1906 1069 1968 candidam

331 1995 408 2055 Celti
428 1995 578 2071 liquentes
603 1995 640 2051 ad
662 1995 790 2071 paludes
813 1994 952 2072 gurgitis,

263 2091 313 2146 190
330 2085 440 2142 Amore
463 2099 605 2156 sponsae,
630 2096 718 2139 cerva
740 2098 830 2154 quam
850 2079 1019 2154 volucripes

329 2167 469 2245 Iugulum
490 2166 659 2243 propinans
684 2165 795 2222 eximet
818 2165 996 2240 secespitae.

332 2251 497 2329 Speciosus
518 2252 598 2308 intra
616 2250 700 2308 littus
724 2249 926 2327 appellabitur

333 2333 424 2398 Solus
444 2336 543 2395 mariti
566 2354 670 2394 cursus
689 2336 720 2393 in
742 2335 895 2411 crepidine

332 2421 453 2483 Sortem
475 2422 622 2500 gementis
646 2428 736 2495 atque
758 2421 888 2488 classem
910 2419 1070 2490 coelibem,

265 2514 316 2567 195
333 2508 374 2566 Et
395 2528 457 2566 non
479 2507 609 2565 videndo
629 2508 765 2564 membra
784 2513 928 2562 mutatam
949 2504 1041 2562 modo

334 2592 462 2651 Cascam
485 2600 638 2672 cruentum
659 2610 713 2650 vas
734 2593 831 2667 probe
856 2599 886 2647 et
908 2590 1065 2660 libamina,
1105 2586 1252 2663 [propri]

334 2678 465 2751 Orcique
485 2678 665 2753 flam[m]am
688 2678 903 2733 exuberantem
925 2674 1061 2732 funditus

335 2761 489 2821 Cortinam
516 2763 656 2834 ahenam,
677 2780 766 2837 quam
790 2769 856 2818 atra
877 2760 972 2832 flabit,
994 2764 1114 2817 mortua
1137 2797 1139 2800 .

334 2845 491 2906 Cadavera
513 2846 632 2905 elixans
656 2847 816 2921 coquinatu
840 2846 989 2922 improbo.

267 2930 449 2990 1101111111
471 2931 567 2989 obibit
589 2931 705 2991 eiulans
727 2950 864 3007 campum
888 2929 1032 3007 Scythen,

334 3018 471 3076 Procans
494 3015 606 3073 amoris
629 3017 760 3090 quinque
782 3018 900 3075 circites
921 3024 1039 3073 torum:

337 3103 387 3161 llli
408 3108 477 3159 ante
498 3116 617 3157 acerras
641 3102 763 3177 auguris
787 3100 922 3161 Saturnii

337 3185 541 3265 Deglutientis
563 3202 629 3241 cum
653 3195 780 3261 parente
799 3188 882 3245 filios
916 3181 921 3186 “

339 3272 479 3336 Secunda
495 3269 620 3328 iurantis
639 3270 751 3327 fidusta
773 3272 922 3348 sagmina,

270 3363 321 3417 aot
339 3359 509 3417 Tonsarum
530 3355 672 3413 amicient
691 3355 822 3432 remiges
845 3354 958 3431 stropis
979 3367 1099 3423 manus,

338 3444 549 3517 Bacchumque
573 3440 721 3516 sospitem
743 3447 773 3497 11
792 3439 903 3515 prioris
925 3436 1074 3497 vindicem

338 3528 453 3587 Luctus
473 3535 628 3601 canentes,
648 3525 696 3584 cui
715 3525 747 3582 in
769 3524 904 3583 obscuris
925 3523 1008 3581 cavis

338 3612 528 3688 Delphorum
551 3620 657 3689 operta
678 3610 717 3668 ad
737 3618 824 3667 antra
846 3608 969 3666 Lucrini
991 3605 1040 3663 dei

339 3698 489 3757 Abstrusa
509 3698 572 3756 liba
593 3696 778 3756 Tauriformi
800 3695 908 3753 offeret

273 3788 325 3845 110
343 3781 459 3845 Classis
484 3783 659 3842 tremendae
678 3782 884 3858 millepraetor
903 3777 1034 3838 navium.
