<?xml version="1.0" encoding="UTF-8"?>
<!DOCTYPE html PUBLIC "-//W3C//DTD XHTML 1.0 Transitional//EN"
    "http://www.w3.org/TR/xhtml1/DTD/xhtml1-transitional.dtd">
<html xmlns="http://www.w3.org/1999/xhtml" xml:lang="en" lang="en">
 <head>
  <title>
</title>
<meta http-equiv="Content-Type" content="text/html;charset=utf-8" />
  <meta name='ocr-system' content='tesseract 3.04.00' />
  <meta name='ocr-capabilities' content='ocr_page ocr_carea ocr_par ocr_line ocrx_word'/>
</head>
<body>
  <div class='ocr_page' id='page_1' title='image "./poemataomnia00scalgoog_0309.png"; bbox 0 0 2884 4650; ppageno 0'>
   <div class='ocr_carea' id='block_1_1' title="bbox 762 505 824 565">
    <p class='ocr_par' dir='ltr' id='par_1_1' title="bbox 762 505 824 565">
     <span class='ocr_line' id='line_1_1' title="bbox 762 505 824 565; baseline -0.016 -1"><span class='ocrx_word' id='word_1_1' title='bbox 762 505 824 565; x_wconf 74' lang='lat'>272</span> 
     </span>
    </p>
   </div>
   <div class='ocr_carea' id='block_1_2' title="bbox 339 667 1205 917">
    <p class='ocr_par' dir='ltr' id='par_1_2' title="bbox 339 667 1205 917">
     <span class='ocr_line' id='line_1_2' title="bbox 341 667 984 753; baseline 0 -20"><span class='ocrx_word' id='word_1_2' title='bbox 341 675 438 751; x_wconf 75' lang='lat' dir='ltr'>c(35)</span> <span class='ocrx_word' id='word_1_3' title='bbox 616 670 714 752; x_wconf 72' lang='grc' dir='ltr'><strong>Λῇξον</strong></span> <span class='ocrx_word' id='word_1_4' title='bbox 726 667 829 752; x_wconf 81' lang='grc' dir='ltr'><strong>Ἔρως</strong></span> <span class='ocrx_word' id='word_1_5' title='bbox 847 671 984 753; x_wconf 77' lang='grc' dir='ltr'><strong>κραδίης.</strong></span> 
     </span>
     <span class='ocr_line' id='line_1_3' title="bbox 339 757 1205 836; baseline 0.002 -17"><span class='ocrx_word' id='word_1_6' title='bbox 339 757 397 819; x_wconf 81' lang='lat' dir='ltr'>cor</span> <span class='ocrx_word' id='word_1_7' title='bbox 419 760 518 819; x_wconf 89' lang='lat' dir='ltr'>solum</span> <span class='ocrx_word' id='word_1_8' title='bbox 539 767 569 819; x_wconf 89' lang='lat' dir='ltr'>ct</span> <span class='ocrx_word' id='word_1_9' title='bbox 588 760 671 817; x_wconf 88' lang='lat' dir='ltr'>iecur</span> <span class='ocrx_word' id='word_1_10' title='bbox 695 760 841 836; x_wconf 79' lang='lat' dir='ltr'><strong>excipias.</strong></span> <span class='ocrx_word' id='word_1_11' title='bbox 861 760 892 817; x_wconf 92' lang='lat' dir='ltr'>in</span> <span class='ocrx_word' id='word_1_12' title='bbox 915 768 1036 819; x_wconf 84' lang='lat' dir='ltr'>caetera</span> <span class='ocrx_word' id='word_1_13' title='bbox 1054 763 1205 835; x_wconf 84' lang='lat' dir='ltr'>membra,</span> 
     </span>
     <span class='ocr_line' id='line_1_4' title="bbox 379 844 1026 917; baseline 0 -14"><span class='ocrx_word' id='word_1_14' title='bbox 379 848 459 904; x_wconf 86' lang='lat' dir='ltr'>Acer</span> <span class='ocrx_word' id='word_1_15' title='bbox 475 850 586 917; x_wconf 74' lang='lat' dir='ltr'>Amor,</span> <span class='ocrx_word' id='word_1_16' title='bbox 598 845 624 903; x_wconf 88' lang='lat' dir='ltr'>si</span> <span class='ocrx_word' id='word_1_17' title='bbox 644 844 690 903; x_wconf 87' lang='lat' dir='ltr'>vis</span> <span class='ocrx_word' id='word_1_18' title='bbox 711 844 829 903; x_wconf 84' lang='lat' dir='ltr'>mittere</span> <span class='ocrx_word' id='word_1_19' title='bbox 851 845 922 917; x_wconf 84' lang='lat' dir='ltr'>tela,</span> <span class='ocrx_word' id='word_1_20' title='bbox 945 844 1026 904; x_wconf 87' lang='lat' dir='ltr'>lieet.</span> 
     </span>
    </p>
   </div>
   <div class='ocr_carea' id='block_1_3' title="bbox 337 1004 1235 1599">
    <p class='ocr_par' dir='ltr' id='par_1_3' title="bbox 340 1004 896 1093">
     <span class='ocr_line' id='line_1_5' title="bbox 340 1004 896 1093; baseline -0.002 -21"><span class='ocrx_word' id='word_1_21' title='bbox 340 1009 440 1093; x_wconf 77' lang='grc' dir='ltr'>ζ(36)</span> <span class='ocrx_word' id='word_1_22' title='bbox 681 1004 798 1077; x_wconf 83' lang='grc' dir='ltr'>Ἕλκος</span> <span class='ocrx_word' id='word_1_23' title='bbox 820 1007 896 1093; x_wconf 85' lang='grc' dir='ltr'><strong>ἔχω.</strong></span> 
     </span>
    </p>

    <p class='ocr_par' dir='ltr' id='par_1_4' title="bbox 337 1098 1235 1260">
     <span class='ocr_line' id='line_1_6' title="bbox 337 1098 1235 1161; baseline 0.004 -4"><span class='ocrx_word' id='word_1_24' title='bbox 337 1100 395 1158; x_wconf 83' lang='lat' dir='ltr'>Est</span> <span class='ocrx_word' id='word_1_25' title='bbox 418 1100 491 1160; x_wconf 87' lang='lat' dir='ltr'>mihi</span> <span class='ocrx_word' id='word_1_26' title='bbox 511 1098 619 1156; x_wconf 89' lang='lat' dir='ltr'>vulnus</span> <span class='ocrx_word' id='word_1_27' title='bbox 641 1098 746 1156; x_wconf 85' lang='lat' dir='ltr'>Amor.</span> <span class='ocrx_word' id='word_1_28' title='bbox 773 1098 877 1157; x_wconf 85' lang='lat' dir='ltr'>sanies</span> <span class='ocrx_word' id='word_1_29' title='bbox 900 1098 973 1156; x_wconf 90' lang='lat' dir='ltr'>mihi</span> <span class='ocrx_word' id='word_1_30' title='bbox 992 1108 1098 1158; x_wconf 88' lang='lat' dir='ltr'>manat</span> <span class='ocrx_word' id='word_1_31' title='bbox 1115 1101 1155 1159; x_wconf 88' lang='lat' dir='ltr'>ab</span> <span class='ocrx_word' id='word_1_32' title='bbox 1177 1101 1235 1161; x_wconf 91' lang='lat' dir='ltr'>illo</span> 
     </span>
     <span class='ocr_line' id='line_1_7' title="bbox 380 1183 1117 1260; baseline 0.001 -18"><span class='ocrx_word' id='word_1_33' title='bbox 380 1184 531 1256; x_wconf 81' lang='lat' dir='ltr'>Lacrima,</span> <span class='ocrx_word' id='word_1_34' title='bbox 555 1183 735 1241; x_wconf 85' lang='lat' dir='ltr'>inexhausto</span> <span class='ocrx_word' id='word_1_35' title='bbox 761 1184 852 1260; x_wconf 88' lang='lat' dir='ltr'>culpa</span> <span class='ocrx_word' id='word_1_36' title='bbox 867 1183 984 1259; x_wconf 88' lang='lat' dir='ltr'>liquore</span> <span class='ocrx_word' id='word_1_37' title='bbox 1006 1186 1117 1243; x_wconf 86' lang='lat' dir='ltr'>madet.</span> 
     </span>
    </p>

    <p class='ocr_par' dir='ltr' id='par_1_5' title="bbox 337 1267 1158 1429">
     <span class='ocr_line' id='line_1_8' title="bbox 337 1267 1158 1346; baseline 0.001 -18"><span class='ocrx_word' id='word_1_38' title='bbox 337 1270 505 1346; x_wconf 88' lang='lat' dir='ltr'>Respirare</span> <span class='ocrx_word' id='word_1_39' title='bbox 525 1267 637 1325; x_wconf 89' lang='lat' dir='ltr'>malum</span> <span class='ocrx_word' id='word_1_40' title='bbox 657 1285 714 1324; x_wconf 90' lang='lat' dir='ltr'>nec</span> <span class='ocrx_word' id='word_1_41' title='bbox 735 1287 784 1325; x_wconf 92' lang='lat' dir='ltr'>me</span> <span class='ocrx_word' id='word_1_42' title='bbox 806 1268 897 1327; x_wconf 90' lang='lat' dir='ltr'>sinit:</span> <span class='ocrx_word' id='word_1_43' title='bbox 916 1269 984 1345; x_wconf 89' lang='lat' dir='ltr'>ipse</span> <span class='ocrx_word' id='word_1_44' title='bbox 1006 1270 1158 1329; x_wconf 84' lang='lat' dir='ltr'>Machaon</span> 
     </span>
     <span class='ocr_line' id='line_1_9' title="bbox 380 1352 1094 1429; baseline 0 -16"><span class='ocrx_word' id='word_1_45' title='bbox 380 1354 518 1413; x_wconf 87' lang='lat' dir='ltr'>Membra</span> <span class='ocrx_word' id='word_1_46' title='bbox 540 1352 697 1411; x_wconf 83' lang='lat' dir='ltr'>salutifera</span> <span class='ocrx_word' id='word_1_47' title='bbox 721 1371 778 1410; x_wconf 87' lang='lat' dir='ltr'>nec</span> <span class='ocrx_word' id='word_1_48' title='bbox 797 1354 871 1411; x_wconf 93' lang='lat' dir='ltr'>mihi</span> <span class='ocrx_word' id='word_1_49' title='bbox 892 1353 1004 1411; x_wconf 86' lang='lat' dir='ltr'>mulcet</span> <span class='ocrx_word' id='word_1_50' title='bbox 1025 1374 1094 1429; x_wconf 87' lang='lat' dir='ltr'>ope.</span> 
     </span>
    </p>

    <p class='ocr_par' dir='ltr' id='par_1_6' title="bbox 339 1437 1171 1599">
     <span class='ocr_line' id='line_1_10' title="bbox 339 1437 1171 1515; baseline 0.002 -18"><span class='ocrx_word' id='word_1_51' title='bbox 339 1439 493 1515; x_wconf 86' lang='lat' dir='ltr'>Telephus</span> <span class='ocrx_word' id='word_1_52' title='bbox 516 1456 585 1496; x_wconf 90' lang='lat' dir='ltr'>esse</span> <span class='ocrx_word' id='word_1_53' title='bbox 608 1437 688 1509; x_wconf 87' lang='lat' dir='ltr'>volo,</span> <span class='ocrx_word' id='word_1_54' title='bbox 709 1445 742 1494; x_wconf 85' lang='lat' dir='ltr'>tn</span> <span class='ocrx_word' id='word_1_55' title='bbox 765 1439 808 1496; x_wconf 88' lang='lat' dir='ltr'>sis</span> <span class='ocrx_word' id='word_1_56' title='bbox 829 1438 903 1496; x_wconf 93' lang='lat' dir='ltr'>mihi</span> <span class='ocrx_word' id='word_1_57' title='bbox 923 1438 1002 1497; x_wconf 87' lang='lat' dir='ltr'>fidus</span> <span class='ocrx_word' id='word_1_58' title='bbox 1023 1439 1171 1499; x_wconf 88' lang='lat' dir='ltr'>Achilles.</span> 
     </span>
     <span class='ocr_line' id='line_1_11' title="bbox 381 1522 1046 1599; baseline 0 -16"><span class='ocrx_word' id='word_1_59' title='bbox 381 1522 502 1595; x_wconf 82' lang='lat' dir='ltr'>Curam,</span> <span class='ocrx_word' id='word_1_60' title='bbox 525 1522 644 1581; x_wconf 82' lang='lat' dir='ltr'>laesisti</span> <span class='ocrx_word' id='word_1_61' title='bbox 664 1541 742 1596; x_wconf 86' lang='lat' dir='ltr'>quae</span> <span class='ocrx_word' id='word_1_62' title='bbox 762 1523 859 1599; x_wconf 80' lang='lat' dir='ltr'>prius,</span> <span class='ocrx_word' id='word_1_63' title='bbox 880 1524 950 1598; x_wconf 89' lang='lat' dir='ltr'>ipsa</span> <span class='ocrx_word' id='word_1_64' title='bbox 969 1524 1046 1583; x_wconf 75' lang='lat' dir='ltr'>leva.</span> 
     </span>
    </p>
   </div>
   <div class='ocr_carea' id='block_1_4' title="bbox 302 1684 1233 2281">
    <p class='ocr_par' dir='ltr' id='par_1_7' title="bbox 302 1684 1233 2281">
     <span class='ocr_line' id='line_1_12' title="bbox 339 1684 981 1769; baseline -0.003 -18"><span class='ocrx_word' id='word_1_65' title='bbox 339 1692 434 1769; x_wconf 71' lang='lat' dir='ltr'>((3t)</span> <span class='ocrx_word' id='word_1_66' title='bbox 611 1684 689 1749; x_wconf 80' lang='grc' dir='ltr'>Εἰπὲ</span> <span class='ocrx_word' id='word_1_67' title='bbox 709 1687 766 1748; x_wconf 81' lang='grc' dir='ltr'>τίνι</span> <span class='ocrx_word' id='word_1_68' title='bbox 786 1686 906 1755; x_wconf 79' lang='grc' dir='ltr'>πλέξεις</span> <span class='ocrx_word' id='word_1_69' title='bbox 927 1685 981 1750; x_wconf 78' lang='grc' dir='ltr'><strong>ἔτι.</strong></span> 
     </span>
     <span class='ocr_line' id='line_1_13' title="bbox 302 1776 1145 1854; baseline 0.001 -18"><span class='ocrx_word' id='word_1_70' title='bbox 302 1807 303 1811; x_wconf 65' lang='lat'>,</span> <span class='ocrx_word' id='word_1_71' title='bbox 337 1778 395 1837; x_wconf 91' lang='lat' dir='ltr'>Dic</span> <span class='ocrx_word' id='word_1_72' title='bbox 420 1778 467 1835; x_wconf 88' lang='lat' dir='ltr'>cni</span> <span class='ocrx_word' id='word_1_73' title='bbox 488 1776 656 1853; x_wconf 86' lang='lat' dir='ltr'>dispositos</span> <span class='ocrx_word' id='word_1_74' title='bbox 677 1795 826 1852; x_wconf 90' lang='lat' dir='ltr'>properes</span> <span class='ocrx_word' id='word_1_75' title='bbox 851 1795 960 1834; x_wconf 86' lang='lat' dir='ltr'>ornare</span> <span class='ocrx_word' id='word_1_76' title='bbox 981 1776 1145 1854; x_wconf 65' lang='lat' dir='ltr'>capillos?¹</span> 
     </span>
     <span class='ocr_line' id='line_1_14' title="bbox 380 1854 1233 1938; baseline 0 -17"><span class='ocrx_word' id='word_1_77' title='bbox 380 1861 436 1922; x_wconf 83' lang='lat' dir='ltr'>cui</span> <span class='ocrx_word' id='word_1_78' title='bbox 458 1881 563 1920; x_wconf 87' lang='lat' dir='ltr'>curare</span> <span class='ocrx_word' id='word_1_79' title='bbox 586 1880 713 1938; x_wconf 88' lang='lat' dir='ltr'>ungues,</span> <span class='ocrx_word' id='word_1_80' title='bbox 736 1862 784 1918; x_wconf 91' lang='lat' dir='ltr'>cui</span> <span class='ocrx_word' id='word_1_81' title='bbox 809 1861 939 1919; x_wconf 82' lang='lat' dir='ltr'>nitidare</span> <span class='ocrx_word' id='word_1_82' title='bbox 959 1863 1089 1921; x_wconf 78' lang='lat' dir='ltr'>manus?</span> <span class='ocrx_word' id='word_1_83' title='bbox 1230 1854 1233 1859; x_wconf 39' lang='lat'>¹</span> 
     </span>
     <span class='ocr_line' id='line_1_15' title="bbox 338 1946 1058 2023; baseline -0.003 -16"><span class='ocrx_word' id='word_1_84' title='bbox 338 1947 394 2007; x_wconf 83' lang='lat' dir='ltr'>Oui</span> <span class='ocrx_word' id='word_1_85' title='bbox 419 1948 492 2007; x_wconf 90' lang='lat' dir='ltr'>colis</span> <span class='ocrx_word' id='word_1_86' title='bbox 516 1947 649 2005; x_wconf 89' lang='lat' dir='ltr'>excoctis</span> <span class='ocrx_word' id='word_1_87' title='bbox 671 1946 821 2023; x_wconf 87' lang='lat' dir='ltr'>conchylii</span> <span class='ocrx_word' id='word_1_88' title='bbox 842 1946 937 2021; x_wconf 87' lang='lat' dir='ltr'>pallia</span> <span class='ocrx_word' id='word_1_89' title='bbox 960 1947 1058 2005; x_wconf 87' lang='lat' dir='ltr'>succis</span> 
     </span>
     <span class='ocr_line' id='line_1_16' title="bbox 380 2031 1079 2108; baseline -0.004 -16"><span class='ocrx_word' id='word_1_90' title='bbox 380 2034 483 2104; x_wconf 81' lang='lat' dir='ltr'>Ebria,</span> <span class='ocrx_word' id='word_1_91' title='bbox 505 2034 640 2091; x_wconf 86' lang='lat' dir='ltr'>formosa</span> <span class='ocrx_word' id='word_1_92' title='bbox 660 2039 721 2089; x_wconf 92' lang='lat' dir='ltr'>tam</span> <span class='ocrx_word' id='word_1_93' title='bbox 744 2031 852 2108; x_wconf 88' lang='lat' dir='ltr'>procul</span> <span class='ocrx_word' id='word_1_94' title='bbox 871 2050 890 2088; x_wconf 92' lang='lat' dir='ltr'>a</span> <span class='ocrx_word' id='word_1_95' title='bbox 911 2032 1079 2108; x_wconf 78' lang='lat' dir='ltr'>Rhodope?</span> 
     </span>
     <span class='ocr_line' id='line_1_17' title="bbox 337 2116 1221 2194; baseline -0.002 -17"><span class='ocrx_word' id='word_1_96' title='bbox 337 2119 430 2194; x_wconf 79' lang='lat' dir='ltr'>Queis</span> <span class='ocrx_word' id='word_1_97' title='bbox 455 2118 550 2177; x_wconf 90' lang='lat' dir='ltr'>oculis</span> <span class='ocrx_word' id='word_1_98' title='bbox 574 2136 641 2174; x_wconf 89' lang='lat' dir='ltr'>mea</span> <span class='ocrx_word' id='word_1_99' title='bbox 661 2125 691 2174; x_wconf 90' lang='lat' dir='ltr'>te</span> <span class='ocrx_word' id='word_1_100' title='bbox 713 2116 859 2192; x_wconf 86' lang='lat' dir='ltr'>Rhodope</span> <span class='ocrx_word' id='word_1_101' title='bbox 878 2136 941 2174; x_wconf 91' lang='lat' dir='ltr'>non</span> <span class='ocrx_word' id='word_1_102' title='bbox 965 2117 1131 2192; x_wconf 79' lang='lat' dir='ltr'>conspicor,</span> <span class='ocrx_word' id='word_1_103' title='bbox 1153 2116 1221 2175; x_wconf 88' lang='lat' dir='ltr'>illis</span> 
     </span>
     <span class='ocr_line' id='line_1_18' title="bbox 378 2203 1048 2281; baseline -0.007 -16"><span class='ocrx_word' id='word_1_104' title='bbox 378 2205 534 2281; x_wconf 88' lang='lat' dir='ltr'>Usurpare</span> <span class='ocrx_word' id='word_1_105' title='bbox 556 2203 635 2260; x_wconf 89' lang='lat' dir='ltr'>diem</span> <span class='ocrx_word' id='word_1_106' title='bbox 659 2222 721 2261; x_wconf 90' lang='lat' dir='ltr'>non</span> <span class='ocrx_word' id='word_1_107' title='bbox 746 2220 802 2279; x_wconf 87' lang='lat' dir='ltr'>ego</span> <span class='ocrx_word' id='word_1_108' title='bbox 823 2220 918 2275; x_wconf 87' lang='lat' dir='ltr'>posse</span> <span class='ocrx_word' id='word_1_109' title='bbox 937 2210 1048 2277; x_wconf 86' lang='lat' dir='ltr'>putem.</span> 
     </span>
    </p>
   </div>
   <div class='ocr_carea' id='block_1_5' title="bbox 334 2365 1233 2958">
    <p class='ocr_par' dir='ltr' id='par_1_8' title="bbox 334 2365 993 2451">
     <span class='ocr_line' id='line_1_19' title="bbox 334 2365 993 2451; baseline -0.005 -19"><span class='ocrx_word' id='word_1_110' title='bbox 334 2373 435 2448; x_wconf 64' lang='grc' dir='ltr'>ζ(38)</span> <span class='ocrx_word' id='word_1_111' title='bbox 589 2365 652 2450; x_wconf 82' lang='grc' dir='ltr'>Τὴν</span> <span class='ocrx_word' id='word_1_112' title='bbox 679 2365 795 2451; x_wconf 80' lang='grc' dir='ltr'>Νιόβην</span> <span class='ocrx_word' id='word_1_113' title='bbox 813 2367 993 2430; x_wconf 80' lang='grc' dir='ltr'><strong>κλαίουσαν.</strong></span> 
     </span>
    </p>

    <p class='ocr_par' dir='ltr' id='par_1_9' title="bbox 336 2455 1227 2618">
     <span class='ocr_line' id='line_1_20' title="bbox 336 2455 1227 2532; baseline 0.002 -16"><span class='ocrx_word' id='word_1_114' title='bbox 336 2458 474 2516; x_wconf 78' lang='lat' dir='ltr'>Flentem</span> <span class='ocrx_word' id='word_1_115' title='bbox 496 2457 568 2514; x_wconf 90' lang='lat' dir='ltr'>olim</span> <span class='ocrx_word' id='word_1_116' title='bbox 591 2455 716 2516; x_wconf 89' lang='lat' dir='ltr'>Nioben</span> <span class='ocrx_word' id='word_1_117' title='bbox 740 2456 951 2532; x_wconf 89' lang='lat' dir='ltr'>contemplans</span> <span class='ocrx_word' id='word_1_118' title='bbox 973 2457 1053 2516; x_wconf 83' lang='lat' dir='ltr'>forte</span> <span class='ocrx_word' id='word_1_119' title='bbox 1074 2458 1227 2518; x_wconf 86' lang='lat' dir='ltr'>bubulcus</span> 
     </span>
     <span class='ocr_line' id='line_1_21' title="bbox 381 2540 1023 2618; baseline -0.005 -16"><span class='ocrx_word' id='word_1_120' title='bbox 381 2543 557 2618; x_wconf 76' lang='lat' dir='ltr'>Obstupuit,</span> <span class='ocrx_word' id='word_1_121' title='bbox 580 2551 684 2618; x_wconf 89' lang='lat' dir='ltr'>posset</span> <span class='ocrx_word' id='word_1_122' title='bbox 705 2541 732 2600; x_wconf 89' lang='lat' dir='ltr'>si</span> <span class='ocrx_word' id='word_1_123' title='bbox 754 2540 913 2609; x_wconf 82' lang='lat' dir='ltr'>lacrimare</span> <span class='ocrx_word' id='word_1_124' title='bbox 933 2541 1023 2600; x_wconf 86' lang='lat' dir='ltr'>silex.</span> 
     </span>
    </p>

    <p class='ocr_par' dir='ltr' id='par_1_10' title="bbox 338 2624 1233 2788">
     <span class='ocr_line' id='line_1_22' title="bbox 338 2624 1233 2704; baseline 0.001 -20"><span class='ocrx_word' id='word_1_125' title='bbox 338 2624 450 2684; x_wconf 82' lang='lat' dir='ltr'>Contra</span> <span class='ocrx_word' id='word_1_126' title='bbox 470 2635 531 2684; x_wconf 87' lang='lat' dir='ltr'>tam</span> <span class='ocrx_word' id='word_1_127' title='bbox 550 2627 661 2704; x_wconf 85' lang='lat' dir='ltr'>longae</span> <span class='ocrx_word' id='word_1_128' title='bbox 684 2645 835 2704; x_wconf 87' lang='lat' dir='ltr'>gemerem</span> <span class='ocrx_word' id='word_1_129' title='bbox 858 2626 909 2700; x_wconf 90' lang='lat' dir='ltr'>qui</span> <span class='ocrx_word' id='word_1_130' title='bbox 936 2627 1035 2686; x_wconf 90' lang='lat' dir='ltr'>noetis</span> <span class='ocrx_word' id='word_1_131' title='bbox 1055 2627 1087 2684; x_wconf 94' lang='lat' dir='ltr'>in</span> <span class='ocrx_word' id='word_1_132' title='bbox 1108 2628 1233 2701; x_wconf 76' lang='lat' dir='ltr'>umbra,</span> 
     </span>
     <span class='ocr_line' id='line_1_23' title="bbox 379 2711 969 2788; baseline 0 -20"><span class='ocrx_word' id='word_1_133' title='bbox 379 2711 516 2786; x_wconf 83' lang='lat' dir='ltr'>Euippae</span> <span class='ocrx_word' id='word_1_134' title='bbox 538 2713 623 2771; x_wconf 90' lang='lat' dir='ltr'>vivus</span> <span class='ocrx_word' id='word_1_135' title='bbox 646 2733 705 2770; x_wconf 88' lang='lat' dir='ltr'>non</span> <span class='ocrx_word' id='word_1_136' title='bbox 726 2712 805 2788; x_wconf 89' lang='lat' dir='ltr'>lapis</span> <span class='ocrx_word' id='word_1_137' title='bbox 829 2711 969 2771; x_wconf 88' lang='lat' dir='ltr'>indoluit.</span> 
     </span>
    </p>

    <p class='ocr_par' dir='ltr' id='par_1_11' title="bbox 337 2795 1141 2958">
     <span class='ocr_line' id='line_1_24' title="bbox 337 2795 1141 2873; baseline 0 -19"><span class='ocrx_word' id='word_1_138' title='bbox 337 2795 497 2854; x_wconf 75' lang='lat' dir='ltr'>Hoefacit</span> <span class='ocrx_word' id='word_1_139' title='bbox 517 2814 586 2854; x_wconf 89' lang='lat' dir='ltr'>acer</span> <span class='ocrx_word' id='word_1_140' title='bbox 607 2800 710 2868; x_wconf 89' lang='lat' dir='ltr'>Amor,</span> <span class='ocrx_word' id='word_1_141' title='bbox 733 2817 834 2856; x_wconf 88' lang='lat' dir='ltr'>curam</span> <span class='ocrx_word' id='word_1_142' title='bbox 857 2798 986 2873; x_wconf 90' lang='lat' dir='ltr'>partitus</span> <span class='ocrx_word' id='word_1_143' title='bbox 1009 2796 1141 2872; x_wconf 86' lang='lat' dir='ltr'>utrique:</span> 
     </span>
     <span class='ocr_line' id='line_1_25' title="bbox 378 2878 1115 2958; baseline 0 -20"><span class='ocrx_word' id='word_1_144' title='bbox 378 2881 418 2938; x_wconf 84' lang='lat' dir='ltr'>Et</span> <span class='ocrx_word' id='word_1_145' title='bbox 436 2878 555 2937; x_wconf 89' lang='lat' dir='ltr'>Niobae</span> <span class='ocrx_word' id='word_1_146' title='bbox 579 2899 597 2938; x_wconf 92' lang='lat' dir='ltr'>a</span> <span class='ocrx_word' id='word_1_147' title='bbox 620 2881 712 2954; x_wconf 85' lang='lat' dir='ltr'>natis,</span> <span class='ocrx_word' id='word_1_148' title='bbox 736 2890 764 2939; x_wconf 90' lang='lat' dir='ltr'>et</span> <span class='ocrx_word' id='word_1_149' title='bbox 787 2882 861 2940; x_wconf 90' lang='lat' dir='ltr'>mihi</span> <span class='ocrx_word' id='word_1_150' title='bbox 884 2883 923 2940; x_wconf 85' lang='lat' dir='ltr'>ab</span> <span class='ocrx_word' id='word_1_151' title='bbox 946 2883 1017 2958; x_wconf 82' lang='lat' dir='ltr'>igne</span> <span class='ocrx_word' id='word_1_152' title='bbox 1035 2900 1115 2939; x_wconf 90' lang='lat' dir='ltr'>meo.</span> 
     </span>
    </p>
   </div>
   <div class='ocr_carea' id='block_1_6' title="bbox 337 3043 1200 3810">
    <p class='ocr_par' dir='ltr' id='par_1_12' title="bbox 340 3043 1004 3132">
     <span class='ocr_line' id='line_1_26' title="bbox 340 3043 1004 3132; baseline 0 -24"><span class='ocrx_word' id='word_1_153' title='bbox 340 3047 436 3132; x_wconf 74' lang='grc' dir='ltr'>ζ(39)</span> <span class='ocrx_word' id='word_1_154' title='bbox 585 3043 712 3128; x_wconf 81' lang='grc' dir='ltr'><strong>Χρυαῆς</strong></span> <span class='ocrx_word' id='word_1_155' title='bbox 734 3047 902 3130; x_wconf 80' lang='grc' dir='ltr'><strong>εἰρύασααα</strong></span> <span class='ocrx_word' id='word_1_156' title='bbox 923 3048 1004 3131; x_wconf 86' lang='grc' dir='ltr'><strong>μίαν.</strong></span> 
     </span>
    </p>

    <p class='ocr_par' dir='ltr' id='par_1_13' title="bbox 337 3132 1062 3295">
     <span class='ocr_line' id='line_1_27' title="bbox 337 3132 1062 3214; baseline -0.007 -17"><span class='ocrx_word' id='word_1_157' title='bbox 337 3139 468 3214; x_wconf 85' lang='lat' dir='ltr'>Legerat</span> <span class='ocrx_word' id='word_1_158' title='bbox 487 3132 613 3191; x_wconf 87' lang='lat' dir='ltr'>aureolo</span> <span class='ocrx_word' id='word_1_159' title='bbox 634 3132 724 3193; x_wconf 91' lang='lat' dir='ltr'>Doris</span> <span class='ocrx_word' id='word_1_160' title='bbox 747 3135 784 3193; x_wconf 90' lang='lat' dir='ltr'>de</span> <span class='ocrx_word' id='word_1_161' title='bbox 809 3137 891 3194; x_wconf 89' lang='lat' dir='ltr'>crine</span> <span class='ocrx_word' id='word_1_162' title='bbox 910 3136 1062 3214; x_wconf 90' lang='lat' dir='ltr'>capillum,</span> 
     </span>
     <span class='ocr_line' id='line_1_28' title="bbox 380 3219 1033 3295; baseline -0.006 -13"><span class='ocrx_word' id='word_1_163' title='bbox 380 3223 430 3292; x_wconf 71' lang='lat' dir='ltr'>Ex</span> <span class='ocrx_word' id='word_1_164' title='bbox 452 3219 505 3278; x_wconf 93' lang='lat' dir='ltr'>illo</span> <span class='ocrx_word' id='word_1_165' title='bbox 526 3219 644 3295; x_wconf 89' lang='lat' dir='ltr'>palmas</span> <span class='ocrx_word' id='word_1_166' title='bbox 666 3219 763 3277; x_wconf 80' lang='lat' dir='ltr'>vinxit</span> <span class='ocrx_word' id='word_1_167' title='bbox 784 3229 927 3295; x_wconf 88' lang='lat' dir='ltr'>utrasque</span> <span class='ocrx_word' id='word_1_168' title='bbox 949 3222 1033 3279; x_wconf 90' lang='lat' dir='ltr'>mihi.</span> 
     </span>
    </p>

    <p class='ocr_par' dir='ltr' id='par_1_14' title="bbox 338 3304 1154 3465">
     <span class='ocr_line' id='line_1_29' title="bbox 338 3304 1154 3382; baseline -0.004 -15"><span class='ocrx_word' id='word_1_169' title='bbox 338 3309 406 3367; x_wconf 91' lang='lat' dir='ltr'>Risi</span> <span class='ocrx_word' id='word_1_170' title='bbox 430 3305 566 3382; x_wconf 88' lang='lat' dir='ltr'>equidem</span> <span class='ocrx_word' id='word_1_171' title='bbox 585 3304 693 3379; x_wconf 89' lang='lat' dir='ltr'>primo.</span> <span class='ocrx_word' id='word_1_172' title='bbox 716 3304 815 3364; x_wconf 89' lang='lat' dir='ltr'>nodos</span> <span class='ocrx_word' id='word_1_173' title='bbox 840 3307 913 3364; x_wconf 88' lang='lat' dir='ltr'>mihi</span> <span class='ocrx_word' id='word_1_174' title='bbox 938 3306 1065 3365; x_wconf 87' lang='lat' dir='ltr'>Doridis</span> <span class='ocrx_word' id='word_1_175' title='bbox 1086 3305 1154 3364; x_wconf 91' lang='lat' dir='ltr'>illos</span> 
     </span>
     <span class='ocr_line' id='line_1_30' title="bbox 379 3389 1054 3465; baseline -0.001 -14"><span class='ocrx_word' id='word_1_176' title='bbox 379 3392 472 3452; x_wconf 90' lang='lat' dir='ltr'>Visus</span> <span class='ocrx_word' id='word_1_177' title='bbox 496 3389 680 3450; x_wconf 26' lang='lat' dir='ltr'>erattfacilis</span> <span class='ocrx_word' id='word_1_178' title='bbox 702 3390 822 3448; x_wconf 88' lang='lat' dir='ltr'>solvere</span> <span class='ocrx_word' id='word_1_179' title='bbox 842 3409 935 3465; x_wconf 89' lang='lat' dir='ltr'>posse</span> <span class='ocrx_word' id='word_1_180' title='bbox 957 3391 1054 3450; x_wconf 87' lang='lat' dir='ltr'>labor.</span> 
     </span>
    </p>

    <p class='ocr_par' dir='ltr' id='par_1_15' title="bbox 337 3474 1200 3622">
     <span class='ocr_line' id='line_1_31' title="bbox 337 3474 1200 3554; baseline -0.002 -18"><span class='ocrx_word' id='word_1_181' title='bbox 337 3480 408 3536; x_wconf 87' lang='lat' dir='ltr'>Mox</span> <span class='ocrx_word' id='word_1_182' title='bbox 427 3477 537 3554; x_wconf 83' lang='lat' dir='ltr'>gemui,</span> <span class='ocrx_word' id='word_1_183' title='bbox 557 3484 715 3553; x_wconf 87' lang='lat' dir='ltr'>postquam</span> <span class='ocrx_word' id='word_1_184' title='bbox 734 3494 797 3532; x_wconf 91' lang='lat' dir='ltr'>non</span> <span class='ocrx_word' id='word_1_185' title='bbox 816 3474 883 3550; x_wconf 91' lang='lat' dir='ltr'>rupi</span> <span class='ocrx_word' id='word_1_186' title='bbox 902 3476 1033 3549; x_wconf 85' lang='lat' dir='ltr'>vincula,</span> <span class='ocrx_word' id='word_1_187' title='bbox 1055 3486 1200 3552; x_wconf 86' lang='lat' dir='ltr'>tanquam</span> 
     </span>
     <span class='ocr_line' id='line_1_32' title="bbox 378 3561 1011 3622; baseline -0.005 -1"><span class='ocrx_word' id='word_1_188' title='bbox 378 3564 471 3622; x_wconf 88' lang='lat' dir='ltr'>Artus</span> <span class='ocrx_word' id='word_1_189' title='bbox 496 3561 670 3622; x_wconf 86' lang='lat' dir='ltr'>strinxisset</span> <span class='ocrx_word' id='word_1_190' title='bbox 692 3561 767 3618; x_wconf 86' lang='lat' dir='ltr'>dura</span> <span class='ocrx_word' id='word_1_191' title='bbox 789 3568 897 3617; x_wconf 88' lang='lat' dir='ltr'>catena</span> <span class='ocrx_word' id='word_1_192' title='bbox 918 3580 1011 3620; x_wconf 89' lang='lat' dir='ltr'>meos.</span> 
     </span>
    </p>

    <p class='ocr_par' dir='ltr' id='par_1_16' title="bbox 337 3644 1119 3810">
     <span class='ocr_line' id='line_1_33' title="bbox 337 3644 1061 3722; baseline -0.008 -12"><span class='ocrx_word' id='word_1_193' title='bbox 337 3649 377 3710; x_wconf 81' lang='lat' dir='ltr'>Et</span> <span class='ocrx_word' id='word_1_194' title='bbox 389 3665 474 3704; x_wconf 55' lang='lat' dir='ltr'>&#39;nunc</span> <span class='ocrx_word' id='word_1_195' title='bbox 494 3647 602 3706; x_wconf 85' lang='lat' dir='ltr'>infelix</span> <span class='ocrx_word' id='word_1_196' title='bbox 626 3666 684 3706; x_wconf 90' lang='lat' dir='ltr'>uno</span> <span class='ocrx_word' id='word_1_197' title='bbox 706 3655 793 3722; x_wconf 89' lang='lat' dir='ltr'>aptus</span> <span class='ocrx_word' id='word_1_198' title='bbox 813 3644 907 3716; x_wconf 87' lang='lat' dir='ltr'>crine,</span> <span class='ocrx_word' id='word_1_199' title='bbox 928 3646 1061 3720; x_wconf 86' lang='lat' dir='ltr'>potentis</span> 
     </span>
     <span class='ocr_line' id='line_1_34' title="bbox 380 3729 1119 3810; baseline -0.001 -20"><span class='ocrx_word' id='word_1_200' title='bbox 380 3732 512 3810; x_wconf 86' lang='lat' dir='ltr'>Imperio</span> <span class='ocrx_word' id='word_1_201' title='bbox 535 3732 698 3804; x_wconf 88' lang='lat' dir='ltr'>Dominae,</span> <span class='ocrx_word' id='word_1_202' title='bbox 721 3751 780 3808; x_wconf 89' lang='lat' dir='ltr'>quo</span> <span class='ocrx_word' id='word_1_203' title='bbox 800 3729 892 3788; x_wconf 86' lang='lat' dir='ltr'>trahit</span> <span class='ocrx_word' id='word_1_204' title='bbox 913 3730 978 3804; x_wconf 83' lang='lat' dir='ltr'>illa,</span> <span class='ocrx_word' id='word_1_205' title='bbox 999 3749 1119 3806; x_wconf 83' lang='lat' dir='ltr'>sequor.</span> 
     </span>
    </p>
   </div>
   <div class='ocr_carea' id='block_1_7' title="bbox 0 0 1449 4650">
    <p class='ocr_par' dir='ltr' id='par_1_17' title="bbox 0 0 1449 4650">
     <span class='ocr_line' id='line_1_35' title="bbox 0 0 1449 4650; baseline 0 0"><span class='ocrx_word' id='word_1_206' title='bbox 0 0 1449 4650; x_wconf 95' lang='lat' dir='ltr'> </span> 
     </span>
    </p>
   </div>
  </div>
 </body>
</html>
