2884 4650
773 578 785 636 1
795 577 831 636 16

346 745 408 822 Qui
427 747 525 805 nescit
544 744 641 817 illam,
661 763 821 821 perperam
843 747 899 806 scit
923 755 1067 805 caeteras.

345 915 395 975 20.
440 914 512 973 Tibi
532 914 604 972 mali
624 933 728 972 omnes
750 915 908 974 invident?
931 923 961 973 at
981 936 1039 973 non
1061 917 1148 976 boni.

344 1003 384 1061 Et
405 999 518 1059 nemini
538 1017 656 1071 omnes,
682 1000 822 1058 omnibns
846 1020 933 1058 nemo
948 1001 1071 1059 invidet.

345 1171 396 1229 21.
438 1169 488 1228 Ne
510 1169 648 1227 curiosus
671 1187 783 1244 quaere
804 1187 929 1228 caussas
954 1170 1098 1242 omnium,

345 1254 548 1329 Quaecunque
568 1251 655 1311 libris
672 1253 719 1311 vis
737 1252 960 1331 Prophetarum
984 1255 1091 1312 indidit

343 1341 459 1400 Afflata
479 1337 577 1410 caelo,
599 1337 691 1414 plena
713 1340 815 1400 veraci
837 1339 916 1398 Deoa

346 1425 414 1484 Nec
437 1431 543 1500 operta
569 1422 648 1481 sacri
671 1440 805 1499 supparo
828 1423 940 1482 silentii

345 1511 517 1586 Irrumpere
537 1507 624 1579 aude,
648 1507 703 1565 sed
724 1509 872 1584 pudenter
893 1509 1035 1586 praeteri.

346 1594 476 1653 Nescire
496 1592 585 1664 velle,
606 1609 683 1666 quae
705 1595 851 1671 magister
870 1592 1021 1666 maximus

345 1680 462 1739 Docere
483 1697 539 1735 non
564 1676 638 1748 vult,
662 1677 779 1736 erudita
800 1679 923 1738 inscitia
946 1684 1001 1736 est.

346 1848 398 1906 22.
442 1845 476 1907 Si
497 1854 527 1903 te
550 1845 712 1922 Tyrannus
737 1845 818 1904 falsa
844 1846 979 1924 adegerit
998 1846 1093 1922 loqui,

345 1930 432 1991 Nihil
453 1932 630 1989 indecorum
649 1948 704 1986 nee
726 1930 887 2003 bonosae,
910 1950 967 1988 nec
990 1932 1062 1991 viro,

346 2016 508 2079 Servilium
531 2015 557 2074 si
579 2017 738 2073 verberum
761 2015 890 2073 intentat
913 2017 1022 2090 minas,

347 2101 382 2164 Si
403 2103 491 2162 triste
511 2100 617 2172 letum,
639 2099 790 2177 gratulare
812 2101 930 2174 turibi,
968 2127 972 2134 ⁴

347 2187 436 2262 Quod
457 2195 487 2244 te
506 2185 640 2261 experiri
662 2184 737 2241 dura
758 2204 813 2260 per
832 2186 1016 2257 discrimina,

346 2271 459 2347 Quanti
478 2271 655 2330 aestimares
677 2267 846 2345 veritatem,
869 2271 1003 2349 contigit.

347 2358 498 2419 Constare
518 2375 614 2443 parvo
633 2362 718 2412 tanta
740 2375 789 2416 res
813 2377 871 2415 non
891 2357 1002 2415 debuit.

345 2444 514 2503 Poenarum
537 2442 646 2499 acerba
665 2440 745 2497 ridet
767 2444 875 2515 audax,
900 2442 1002 2501 omnia

347 2529 407 2587 Pro
429 2529 555 2586 veritate
577 2526 627 2601 qui
643 2525 740 2597 timet,
759 2548 813 2605 pro
834 2547 867 2585 se
887 2526 970 2585 nihil.

338 2698 398 2757 '23.
442 2695 510 2755 Nos
533 2699 693 2772 sciscitari,
716 2719 769 2757 cur
791 2696 902 2757 Catoni
922 2716 981 2754 non
1004 2696 1115 2769 datum,

348 2783 448 2858 Quam
471 2801 523 2839 cur
545 2784 647 2841 datum
667 2786 707 2843 sit
728 2783 906 2861 praemium,
929 2781 1044 2839 mavult
1066 2780 1153 2851 cato,

348 2866 491 2928 Sciscens
512 2869 550 2925 ab
570 2870 650 2926 omni
672 2875 759 2945 parte
778 2869 919 2927 virtutem
941 2866 1062 2923 unicum

345 2951 474 3010 Virtutis
498 2970 567 3010 esse
587 2945 767 3029 praemium,
791 2971 881 3011 omne
901 2960 1036 3010 temnere

345 3038 476 3097 Paratus
497 3036 577 3094 ultro
600 3038 627 3095 si
648 3035 805 3095 offeratur:
828 3037 996 3094 Maximum
1021 3042 1067 3095 est

346 3121 469 3183 Ambire
490 3120 580 3192 nolle,
602 3140 693 3195 quum
714 3122 822 3179 mereri
844 3121 963 3179 sufficit

345 3208 494 3285 Accipere
513 3205 591 3263 nolle
611 3225 700 3281 quam
724 3206 843 3279 mereri,
868 3206 964 3263 maius
990 3212 1045 3264 est.

347 3378 398 3436 24.
442 3376 586 3437 Oblatum
607 3375 755 3433 honorem
775 3374 898 3433 reiicis?
922 3372 1088 3445 considera,

346 3460 430 3520 Num
449 3462 547 3520 fastus
568 3459 654 3532 illud,
674 3459 843 3518 rusticusve
865 3459 905 3518 sit
924 3458 1032 3537 pudor.

347 3546 442 3605 Aufer
462 3546 610 3604 cavillum.
635 3544 760 3604 comiter
781 3545 825 3602 sic
844 3544 947 3616 reiice,
1054 3592 1057 3599 ,

347 3629 418 3691 Non
440 3631 526 3704 quasi
544 3648 689 3689 recusans
711 3629 891 3706 praemium,
914 3627 968 3687 sed
989 3626 1144 3685 differens,

349 3800 399 3861 25.
442 3796 560 3858 Natura
580 3800 618 3857 ab
640 3800 722 3859 omni
741 3804 946 3874 comparatum
968 3803 1015 3854 est
1034 3803 1173 3871 tempore
