2884 4650
627 577 629 584 a
724 516 877 611 nu.

353 684 403 744 Ul.
446 687 488 742 At
507 703 564 762 ego
585 683 706 742 interim
726 685 869 760 praedico
886 685 1035 742 Teucrum
1052 685 1085 743 in
1103 694 1262 762 posterum

334 769 487 830 .Tentum
508 775 646 846 peretum
670 788 772 828 emere
793 789 853 843 me,
873 777 1016 844 quantum
1038 770 1172 830 oderem.

354 855 514 931 Meamque
537 874 626 931 opem
646 855 699 914 isti
717 855 886 913 funerando
909 855 1075 929 conferam,

354 942 455 999 Meum
474 939 628 998 laborem:
651 939 754 1015 nilque
776 941 924 1012 omittam,
945 941 1026 1014 quod
1045 941 1119 1000 viris

277 1019 517 1085 1³⁸⁰Praesure
540 1032 665 1083 cunctos
689 1025 816 1083 addecet
835 1025 1032 1084 fortissumis.

354 1110 429 1168 Ten.
473 1109 632 1168 Generose
646 1109 772 1186 Ulysse,
790 1115 829 1168 'et
850 1111 953 1169 omnia
973 1111 1049 1168 haec
1071 1110 1148 1169 dixti
1168 1112 1261 1186 bene,

352 1197 393 1254 Et
413 1195 514 1267 laude,
539 1213 714 1270 quanquam
730 1213 779 1252 me
800 1195 939 1254 fefellisti
961 1195 1038 1272 spei.

352 1279 433 1340 Nem
455 1281 507 1355 qui
529 1279 598 1338 huic
608 1280 757 1338 Achivum
772 1280 844 1336 olim
859 1281 992 1338 omnium
1010 1280 1263 1355 inimicissumus‚

353 1366 461 1425 Iuvisti
483 1365 578 1422 amice
600 1365 685 1423 solus
708 1364 799 1437 hunc,
819 1374 850 1422 et
867 1373 987 1424 mortno

279 1448 347 1503 1385
357 1452 454 1509 Vivus
478 1449 588 1508 iacenti
609 1449 733 1507 noluisti
754 1449 893 1522 illudere,
932 1441 939 1456 ⁸

356 1534 398 1596 Ut
417 1534 470 1592 ille
489 1551 594 1593 vecors
615 1535 793 1611 imperator,
818 1554 854 1592 ac
875 1535 967 1593 levis:

355 1621 440 1696 Ipse,
453 1619 595 1694 inquam,
616 1627 646 1676 et
666 1619 743 1676 elter
762 1621 866 1692 freter,
886 1619 973 1676 illum
995 1619 1104 1696 proiici

357 1703 505 1765 Studuere
525 1704 718 1762 lacerandum
741 1704 938 1781 insepultum,
957 1704 1155 1762 inconditum.

356 1787 415 1863 Qui
436 1789 508 1848 illos
531 1789 656 1866 Olympi
679 1797 780 1848 rector
801 1790 890 1848 huius
913 1789 1048 1865 luppiter

280 1870 346 1925 139⁰
355 1874 510 1951 Direeque
533 1893 695 1947 memores,
717 1883 806 1950 atque
826 1876 940 1950 perfice
959 1874 1044 1946 ultio,

354 1960 563 2019 Lacerendum
587 1960 630 2018 uti
650 1960 742 2018 istum
764 1961 873 2036 proiici
894 1960 1045 2017 immerito
1067 1959 1166 2016 virum

356 2045 517 2118 studuere,
539 2047 583 2102 ite
607 2064 713 2104 omnes
735 2045 877 2121 perduint
895 2046 994 2103 mulos
1016 2043 1106 2101 mele.

356 2130 428 2204 Sed,
449 2150 467 2190 o
488 2149 642 2207 propages
663 2130 746 2187 clare
766 2131 897 2188 Laertae
919 2130 1013 2202 senis,

354 2215 428 2275 Non
452 2215 573 2275 siverim
593 2224 622 2272 te
644 2215 735 2273 funus
758 2216 816 2274 hcc
836 2216 1023 2292 contingere,

281 2299 347 2355 1395
356 2302 399 2363 Ut
416 2301 528 2377 nequid
550 2301 632 2359 exim
652 2309 771 2360 mortuo
794 2301 863 2358 huic
885 2299 1035 2379 ingratiis.

356 2386 441 2461 Quod
463 2394 559 2462 potes,
582 2388 613 2445 in
637 2386 706 2445 eliis
730 2405 788 2445 nos
810 2388 890 2444 inve.
921 2386 999 2447 etsi
1020 2402 1109 2459 quem
1134 2382 1267 2441 exerciti

354 2472 513 2532 Abducere
535 2472 637 2530 animo
660 2480 717 2543 est,
741 2491 790 2529 me
812 2472 935 2530 lubente
957 2469 1078 2529 feceris.

355 2558 422 2634 Ego
446 2566 625 2634 apparatum
652 2564 773 2614 caetera
791 2558 852 2615 ibo.
876 2565 905 2613 te
926 2555 1046 2614 interim

355 2642 392 2699 In
417 2660 475 2701 nos
498 2643 596 2701 fnisse
618 2643 793 2700 memineris
816 2661 937 2700 munem
958 2641 1064 2699 virum.

281 2721 348 2776 1400
356 2725 407 2785 Ul.
441 2722 692 2803 Velimquidem.
715 2736 747 2785 et
770 2728 796 2786 si
817 2728 920 2785 munia
941 2728 1002 2786 iste
1022 2743 1071 2782 me
1087 2720 1201 2795 exequi

356 2811 427 2869 Tibi
448 2831 509 2869 non
530 2814 658 2870 amicum
681 2821 738 2885 est,
762 2812 853 2871 leudo
876 2813 1047 2871 consilium.
1072 2806 1153 2866 vale.

356 2896 432 2955 Teu.
473 2894 536 2955 Set.
559 2905 676 2972 tempus
698 2898 776 2955 enim
799 2899 858 2956 iem
879 2898 1002 2956 multum
1025 2895 1133 2973 egitur.

357 2979 419 3042 Sed
442 2980 555 3039 fossam
578 3000 660 3056 pare,
679 2983 732 3054 ite,
756 3002 898 3059 capacem

356 3066 525 3143 Properate
545 3084 651 3124 manu:
672 3085 745 3142 pers
768 3068 865 3144 tripes
888 3075 987 3125 eutem

357 3152 398 3211 Et
419 3150 596 3210 lustralibus
616 3151 705 3209 undis
729 3152 864 3228 tepidum

356 3237 468 3297 Ponite
486 3236 618 3294 labrum:
640 3254 711 3311 pers
731 3255 793 3293 une
815 3237 906 3295 domo

357 3323 474 3381 Efferat
495 3320 577 3381 intus
600 3320 666 3378 duri
688 3320 823 3397 insignia

357 3412 451 3467 Arme
471 3406 573 3465 duelli.

359 3491 421 3552 Sed
441 3501 484 3565 tu,
506 3499 647 3568 quantum
671 3498 772 3566 potes,
795 3488 873 3546 alme
894 3507 980 3564 puer,

357 3575 481 3636 Patrios
503 3586 586 3636 artus
604 3594 719 3633 mecum
743 3573 913 3649 amplexus,
962 3648 968 3658 ,

359 3660 485 3733 Attolle,
506 3663 584 3720 leva.
607 3678 736 3735 nemque
756 3659 872 3717 cruoris

361 3743 505 3807 Salientis
527 3746 625 3803 adhuc
645 3745 740 3822 tepidi
762 3742 842 3801 tullii

291 4029 757 4433 rr
