2884 4650
1544 557 1623 618 94

673 728 970 800 Dousiust,
1009 728 1240 804 accepit
1283 744 1433 806 gens
1475 745 1512 784 a
1549 746 1664 801 quo
1707 726 1937 784 Dousia
1981 745 2224 802 nomen,

758 814 839 872 Et
879 831 1053 890 gens,
1101 823 1161 870 et
1200 812 1421 878 veteris
1464 812 1661 889 gentis
1706 811 1865 869 avita
1909 810 2143 871 domus.

675 897 903 958 Cuncta
943 898 1154 955 favent
1191 896 1479 970 lacrimis,
1521 897 1836 971 sociosque
1879 896 1942 953 in
1985 896 2181 958 tristia
2226 907 2444 959 nostra

762 982 1165 1043 Contribuunt
1200 982 1376 1040 fletus
1422 982 1682 1038 faemina
1723 981 1933 1055 virque
1976 999 2141 1041 suos.

674 1069 755 1130 Et
794 1068 1010 1143 quibus
1058 1067 1375 1126 exstiteras
1413 1067 1579 1124 vultu
1617 1065 1716 1123 -vel
1761 1066 2004 1124 nomine
2047 1074 2251 1141 notua,

762 1153 1061 1213 Omnibus
1096 1151 1381 1228 indignus
1423 1151 1722 1208 contrahit
1762 1169 1869 1209 ora
1900 1151 2086 1228 rigor.

674 1239 790 1296 Ille
833 1237 1021 1295 refert
1064 1236 1224 1295 culto
1272 1236 1470 1313 largas
1513 1237 1576 1293 in
1621 1243 1865 1311 pectore
1912 1236 2107 1294 dotes.

758 1321 940 1380 Hunc
982 1322 1173 1398 tangit
1214 1321 1509 1398 probitas,
1553 1329 1611 1377 et
1661 1318 1794 1379 sine
1836 1320 1972 1377 labe
2013 1321 2186 1381 fides.

675 1408 941 1466 Exactos
989 1407 1141 1464 alius
1186 1425 1485 1483 generoso
1532 1405 1768 1482 pumice
1812 1423 2047 1477 versus,

758 1491 931 1549 Alter
974 1491 1279 1548 convictus
1328 1490 1528 1548 dulcia
1570 1490 1837 1548 membra
1872 1491 1977 1547 tui.

677 1573 959 1652 Quotque
1004 1576 1091 1632 tui
1132 1576 1329 1632 meriti
1367 1583 1571 1652 partes
1617 1577 1679 1632 in
1719 1582 1919 1632 mente
1949 1577 2230 1649 revolvit,

765 1660 890 1718 Tot
931 1660 1076 1719 iusti
1125 1678 1336 1719 causas
1372 1660 1476 1717 ille
1521 1659 1737 1718 doloris
1781 1660 1979 1718 babet.

675 1748 796 1804 Ast
832 1764 942 1822 ego
982 1752 1296 1804 convertor
1340 1744 1526 1802 facies
1566 1744 1839 1802 diversus
1886 1745 1950 1801 in
1991 1763 2226 1817 omnes,

763 1829 937 1889 Unde
985 1829 1103 1888 mei
1141 1829 1356 1889 dubius
1388 1829 1678 1887 carminis
1727 1847 1867 1888 orsa
1906 1838 2128 1906 petam,

674 1914 837 1996 Dum
880 1923 1021 1989 quot
1052 1915 1332 1973 virtutum
1371 1914 1552 1972 fuerit
1594 1914 1701 1972 tibi
1746 1915 1942 1990 copia,
1990 1934 2216 1992 prome,

760 1998 918 2073 Quot
954 2000 1199 2071 fuerint,
1244 2000 1307 2057 in
1352 2007 1413 2057 te
1465 2018 1619 2076 quae
1662 2001 1862 2057 coiere
1900 2001 2079 2057 bona.

676 2084 839 2143 Hinc
880 2105 978 2143 me
1016 2042 1316 2156 nobilitas,
1357 2085 1498 2142 hinc
1534 2103 1631 2141 me
1670 2091 1791 2156 tua,
1839 2103 2070 2143 summe
2110 2084 2404 2156 virorum,

759 2170 991 2242 Virtus,
1045 2178 1105 2226 et
1139 2169 1433 2246 probitas,
1481 2177 1540 2226 et
1581 2169 1682 2245 pia
1722 2169 1845 2226 vita
1882 2171 2056 2246 rapit.
2105 2221 2108 2223 Α

676 2253 837 2313 Nam
884 2255 992 2312 tibi
1036 2272 1187 2328 quae
1226 2253 1484 2312 sublime
1527 2271 1716 2331 genus
1765 2263 1974 2312 natura
2021 2260 2275 2324 create,⁴

760 2340 930 2397 Haec
972 2339 1180 2398 eadem
1225 2358 1427 2398 mores
1468 2340 1892 2417 ingeniumque
1939 2340 2122 2397 dedit.

676 2429 793 2484 Ast
831 2444 1217 2499 quaecunque
1263 2425 1471 2483 domus
1523 2424 1705 2482 fuerit
1740 2425 1845 2482 lux
1888 2444 2104 2503 magna
2146 2424 2384 2495 beatae,

760 2510 998 2586 Ingenii
1039 2510 1266 2569 dociles
1313 2529 1428 2568 non
1473 2517 1674 2567 tamen
1717 2519 1933 2584 aequat
1979 2528 2150 2587 opes.

677 2592 792 2652 Est
830 2594 1075 2668 aliquid,
1122 2595 1347 2666 fateor3
1394 2595 1589 2652 clarae
1634 2612 1784 2669 quae
1827 2596 2024 2672 gentis
2068 2596 2142 2653 ab
2191 2600 2330 2650 ortu

763 2677 955 2737 Missa
990 2697 1101 2756 per
1136 2680 1482 2739 innumeros
1527 2679 1720 2758 gloria
1753 2679 1944 2757 fulget
1988 2698 2152 2753 avon,

678 2763 759 2820 Et
798 2763 973 2820 nitidi
1019 2766 1261 2841 generis
1302 2766 1519 2823 seriem
1563 2765 1854 2823 deducere
1896 2765 2138 2842 longam

763 2847 822 2903 A
863 2849 1097 2924 magnis
1143 2857 1276 2907 orta
1317 2849 1634 2907 nobilitate
1677 2849 1845 2907 viris.

680 2930 803 2993 Sed
840 2932 1032 2989 maior
1074 2932 1206 2991 laus
1249 2940 1345 2990 est
1385 2934 1577 2992 titulis
1617 2953 1652 2990 a
1699 2942 1899 2992 mente
1944 2934 2150 3010 petitis

762 3014 909 3074 Non
950 3016 1148 3075 sinere
1187 3017 1495 3093 ingenium
1542 3019 1746 3095 stirpis
1797 3020 2032 3077 honore
2070 3018 2281 3095 premi.

679 3101 776 3160 Tu
822 3119 1056 3178 quoque
1102 3119 1283 3176 quum
1328 3120 1550 3177 posses
1595 3104 1829 3162 censeri
1880 3104 2054 3161 laude
2106 3112 2368 3174 tuorum,

760 3189 1056 3245 Auctores
1102 3186 1341 3262 generis
1385 3205 1539 3260 quos
1583 3194 1722 3247 tuus
1768 3196 1933 3247 ortus
1978 3189 2178 3262 habet,

680 3269 779 3329 Ne
822 3280 926 3330 tua
965 3290 1077 3347 per
1119 3288 1365 3347 segnem
1410 3280 1746 3330 marcerent
1784 3282 2060 3351 tempora
2099 3274 2305 3344 vitam,

770 3355 1032 3417 Sacrasti
1072 3355 1289 3414 Aoniis
1336 3355 1460 3413 otia
1495 3363 1624 3413 tuta
1657 3357 1879 3416 choris.

681 3439 856 3498 Tunc
896 3439 1181 3500 Cirrhaea
1224 3458 1335 3497 suo
1379 3426 1699 3516 patuerunt
1735 3444 1904 3540 orgia
1951 3445 2089 3516 vati,

766 3525 845 3582 Et
882 3526 989 3583 tibi
1039 3527 1114 3584 de
1162 3524 1336 3584 viridi
1372 3524 1530 3582 lecta.
1571 3543 1789 3584 corona
1826 3528 1986 3603 iugo.

685 3608 885 3666 Prima
925 3612 1029 3664 tihi
1077 3612 1238 3668 facili
1282 3608 1494 3667 ludenfl
1538 3608 1750 3684 Ele-gia
1790 3612 2034 3669 iuventa

769 3692 969 3748 Dictat
1013 3696 1074 3748 in
1122 3696 1382 3760 alternus
1428 3692 1606 3752 verba
1650 3704 1854 3752 coacta
1894 3697 2112 3772 pedes:

685 3780 761 3836 Et
801 3780 911 3836 tihi
957 3796 1029 3836 au
1073 3776 1085 3792 '

1391 3841 1425 3848 ‚¹
1466 3776 1560 3836 dia
1602 3776 1878 3836 incendia
1914 3782 2168 3840 flammis
