2884 4650
722 520 873 616 Q

343 690 419 749 Iuno
441 689 582 761 Fluonia,
605 688 788 763 circinaqne,
809 697 841 745 et
860 688 1126 766 Vortumniligura,

342 775 381 833 Et
402 775 531 833 maiesta
553 774 676 847 curulis,
695 775 883 849 honoraque,
906 775 1031 848 iuraque
1054 774 1187 845 dictans,

344 857 470 935 Semper
492 878 587 919 ovans
612 878 703 935 supra
722 878 827 936 regum
847 868 947 935 caput,
965 858 1185 934 induperatrix.

342 945 506 1021 Intrepida,
528 944 752 1016 omnidomans,
774 962 877 1021 parca,
901 945 1065 1017 flammata,
1087 944 1215 1003 Tenis-a.

342 1029 413 1089 Flos
437 1030 516 1087 vitae
537 1038 690 1103 aeternae,
712 1030 903 1102 immortalis,
924 1029 1124 1087 Mammuriae
1145 1030 1205 1088 vis.

343 1114 456 1175 Omnia
477 1123 509 1173 tn
529 1115 597 1174 sola
619 1134 668 1173 esc
698 1134 828 1193 namque
852 1115 956 1173 omnia
974 1122 1007 1172 tu
1026 1115 1111 1191 paris
1132 1115 1214 1190 ipsa.

342 1200 444 1275 Quare
466 1200 518 1257 ted
540 1220 593 1259 oro
616 1218 682 1257 cnm
705 1196 810 1258 ditibu'
834 1199 1067 1275 Temperiabus,

342 1286 513 1361 Pacemque
536 1293 625 1359 atque
647 1284 777 1343 salutem
798 1304 866 1362 age,
889 1292 920 1343 et
941 1284 1091 1342 omnilera
1112 1284 1258 1360 augmina

949 1388 1059 1428 rerum.

347 1538 383 1595 10
477 1538 577 1596 Faeni
595 1539 737 1613 suffimen,
759 1540 946 1596 odoramenta
967 1541 1127 1613 campana.

341 1624 445 1681 Faune
466 1622 539 1680 ades
561 1622 674 1700 Upili0,
694 1622 799 1681 mundi
820 1623 991 1681 substantia
1012 1631 1106 1695 totus,

343 1703 478 1778 Caelum,
500 1707 583 1767 salsa
605 1709 708 1781 maris,
732 1709 824 1765 terrai
845 1708 973 1765 daedala
994 1707 1095 1780 sedes,

343 1788 465 1867 Spiritu’
479 1793 626 1852 flammai:
649 1811 780 1868 namque
797 1794 872 1850 haec
885 1794 1020 1850 membra
1034 1792 1254 1851 omniaFanni.

341 1878 477 1954 Pervage
498 1877 614 1951 Fauno,
639 1877 714 1950 Sali,
738 1877 915 1954 collegaque
938 1878 1181 1954 Temperiarum,

342 1962 490 2039 Capripes
511 1971 541 2021 et
559 1964 701 2034 fanatice,
725 1971 844 2032 ovator,
865 1963 1062 2040 siderivolge:

341 2044 469 2107 Vocibu’
493 2048 663 2108 flexanimis
686 2049 790 2105 mundi
810 2056 959 2108 concenta
974 2050 1119 2125 figurans,
1150 2098 1154 2103 .

341 2134 509 2195 Larvarum
529 2134 642 2206 Titnle,
663 2135 828 2191 humanum
844 2134 990 2209 remeligo
1014 2140 1194 2205 tremorum,

340 2217 470 2293 Propter
501 2238 594 2292 aquae
626 2218 762 2297 gaudens
793 2219 969 2294 pastoribus
990 2227 1080 2295 atque
1102 2217 1254 2288 bubulcis,

293 2318 298 2332 ·
342 2302 522 2377 Oollimans,
543 2305 644 2378 velox,
665 2304 743 2363 Alae
763 2300 849 2381 igni',
873 2303 981 2364 sodali’
1003 2304 1155 2377 Virarum,

341 2390 523 2468 Omnigena,
543 2391 752 2468 omnigenens,
771 2410 872 2448 rerum
894 2390 1046 2449 celebrata
1062 2399 1215 2467 potestas:

340 2475 570 2552 Mundiparens,
590 2476 716 2547 Lucine,
740 2476 875 2547 Iuturne,
896 2478 1059 2548 Autumne,
1079 2476 1221 2534 nutritor:

340 2561 508 2633 Antrioola,
532 2562 697 2633 irritabili',
713 2561 780 2618 iure
798 2562 878 2619 Iovis
901 2561 1110 2637 capricornus,

339 2644 377 2702 In
400 2653 430 2702 te
453 2665 523 2705 narn
547 2647 725 2723 omniparae
745 2647 838 2706 terrai
861 2653 943 2704 stant
963 2647 1032 2704 sola
1049 2647 1124 2716 fixa,

340 2731 466 2787 Aeterni
492 2740 521 2788 et
541 2733 651 2790 cedunt
672 2733 819 2790 laetantia
840 2751 987 2789 marmora
1008 2731 1112 2802 Ponti,

339 2815 380 2872 Et
401 2822 510 2873 terram
536 2818 678 2877 Oceanus
702 2818 836 2876 lustrans
857 2817 1035 2874 anfractibu'
1056 2815 1168 2876 salsisz

338 2899 498 2973 Portieque
521 2903 614 2975 aeria,
634 2903 806 2980 ignipotens
827 2902 970 2961 alimonia
990 2920 1101 2973 rerum,

339 2985 379 3044 Et
402 2993 489 3058 caput
511 2985 551 3042 ad
573 3005 724 3045 summum
750 2988 887 3065 pernicia
904 2987 1019 3045 lumina
1038 2988 1189 3046 flammae.

341 3069 423 3129 Nam
446 3079 588 3128 concreta
609 3077 661 3130 tuo
683 3073 912 3149 imperiohaec
934 3080 1059 3130 aeterna
1078 3073 1231 3130 feruntur:

339 3154 547 3233 Naturamque
566 3157 626 3215 tuis
645 3166 745 3216 mutas
767 3153 941 3234 pollentibu’
962 3157 1069 3230 iussis,

338 3242 501 3300 Multorum
526 3250 650 3300 auctans
672 3242 704 3299 in
724 3250 806 3300 terra
826 3243 967 3302 mortalia
986 3242 1079 3302 secla.

338 3325 421 3404 Ergo
444 3337 530 3402 pater
551 3327 693 3399 fanatice,
717 3335 832 3401 orator,
855 3328 990 3386 adhaec
1011 3336 1064 3385 tua
1084 3327 1149 3384 liba

338 3408 423 3483 Vise,
447 3421 477 3469 et
493 3414 566 3472 vitai
588 3415 665 3472 bene
686 3413 784 3472 dones
807 3414 890 3471 exita
908 3415 999 3486 iusta,

338 3495 512 3556 Externans
532 3499 627 3558 Inuos
648 3507 780 3558 terrores
804 3498 907 3556 finibu'
930 3507 1038 3556 terrae.

343 3661 378 3720 ll
509 3667 642 3728 Heraclia
664 3669 760 3746 Scapt
781 3669 864 3728 Fidei
885 3668 1025 3740 suffimen,
1043 3677 1097 3726 tua.

340 3747 441 3825 Sange
462 3759 549 3824 pater
569 3753 690 3828 Titane,
711 3753 810 3826 Nero,
832 3751 948 3810 Nerien
968 3752 1085 3823 viriam,

483 3950 650 4061 J*
