2884 4650
654 543 715 602 2⁷9

445 706 564 785 Σώζεο,
587 710 637 770 coi
656 707 778 789 μέλλων
803 707 930 770 ἐνέπειν.
1047 712 1143 790 t(66)

230 796 375 855 Dicturus
399 796 464 868 tibi,
487 796 569 869 Vita,
589 796 669 869 vale,
693 814 859 871 vocemque
881 797 1002 855 citatam

274 881 439 953 Refraeno‚
459 900 564 940 rursus
586 882 784 957 sustineoque
806 882 941 958 gradum.

230 966 332 1041 thue
356 966 430 1026 olim
455 966 543 1043 niger
561 965 613 1023 ille
635 966 700 1024 dies
722 967 905 1025 Acherontis
927 966 1031 1039 amari,

275 1049 327 1111 sic
344 1051 419 1124 mihi
440 1050 560 1109 discidii
581 1069 691 1109 caussa
712 1051 847 1109 timenda
868 1052 912 1108 tui
936 1058 992 1109 est.
1035 1095 1039 1097 v

230 1136 341 1196 Vultus
365 1136 446 1194 enim
468 1142 537 1194 tuus
560 1145 607 1198 est
628 1137 683 1193 lux
706 1136 811 1195 altera.
830 1136 900 1193 Lux
920 1145 1023 1194 tamen
1045 1133 1127 1193 omni

274 1221 360 1280 Voce
381 1227 474 1280 caret.
497 1219 621 1294 Contra,
647 1228 679 1278 tu
701 1222 775 1279 mibi
796 1221 890 1279 verba
909 1221 1005 1283 refers

230 1306 343 1365 Dulcia
364 1304 504 1365 Sirenum
525 1314 613 1363 cantu
637 1307 747 1384 magis,
771 1326 787 1364 e
811 1306 919 1381 quibus
943 1307 1043 1364 omnis

274 1391 413 1449 Pendula
436 1409 507 1467 spes
532 1391 650 1449 animae
676 1399 795 1467 statque
818 1392 956 1466 caditque
977 1409 1074 1449 meae.

488 1552 561 1639 Εἰμὶ
584 1557 637 1638 μὲν
661 1556 698 1619 οὐ
720 1556 887 1641 φιλόοινος.
1050 1556 1145 1636 ζ(67)

231 1644 303 1705 Non
326 1664 393 1703 sum
412 1644 556 1703 vinosusz
576 1640 638 1703 vin’
662 1664 710 1703 me
735 1645 888 1721 deponere
906 1644 996 1703 vino?

275 1730 354 1803 Hac,
379 1730 405 1788 si
427 1737 460 1787 tu
481 1729 559 1788 libes
583 1730 703 1806 pocula,
728 1730 797 1807 lege
820 1730 932 1787 bibam.

231 1815 373 1877 Admotis
395 1815 561 1888 scatebra,
583 1816 714 1889 nequibo
740 1814 858 1872 sobrius
879 1833 964 1873 esset

276 1900 343 1959 Nec
365 1900 412 1957 fas
435 1907 548 1958 temeto
568 1918 662 1975 posse
686 1918 789 1957 carere
811 1899 894 1956 mihi.

231 1986 314 2047 Nam
331 1985 514 2043 transmissa
534 1985 595 2043 tuis
618 1985 656 2041 ad
677 2004 727 2041 me
746 1984 805 2039 fert
829 1984 936 2042 suavia
956 1982 1050 2039 labris

274 2072 332 2129 Ille
354 2070 445 2143 calix,
466 2088 595 2128 narrans
618 2070 699 2127 dona
723 2069 856 2144 superba
879 2087 943 2127 sua.

488 2232 618 2318 Μήποτε
638 2233 732 2318 λύχνε
755 2233 884 2315 μύκητα.
1051 2233 1147 2310 ζ(68)

231 2322 283 2384 Ne
303 2324 371 2400 quis
392 2332 551 2391 concretus
572 2324 627 2384 tibi
648 2323 760 2400 fungus
784 2330 929 2380 convocet
947 2320 1075 2380 imbres:

275 2409 330 2469 Vir
346 2410 443 2467 venit:
466 2410 535 2467 huic
557 2409 657 2468 nullas
681 2416 780 2482 necte,
800 2406 934 2476 lucerna,
950 2425 1063 2465 moras.

232 2493 329 2554 Nulla
347 2495 434 2553 faves
457 2494 579 2552 Veneri.
605 2493 686 2552 Nam
712 2512 780 2551 cum
802 2491 976 2548 condixerat
996 2490 1079 2550 Hero

275 2579 417 2638 Leandro
440 2613 479 2622 -
506 2581 556 2652 ah,
583 2580 693 2652 anime,
717 2585 839 2635 caetera
859 2595 950 2651 parce
969 2577 1062 2653 loqui.

230 2665 370 2724 Vulcano
395 2665 501 2724 servis.
519 2664 610 2736 Hinc,
634 2683 672 2720 ue
694 2662 866 2721 adverseris
886 2661 975 2718 herili

276 2747 385 2822 Curae,
408 2759 440 2807 tu
460 2750 573 2808 Veneri
596 2766 718 2825 semper
738 2749 844 2823 iniqua
864 2765 981 2805 manes.

510 2912 548 2978 Τι’
568 2914 741 2998 στενάχεις
765 2912 875 2998 <pilton
1051 2914 1148 2992 [(69)

232 3005 293 3064 Dic
308 3004 447 3082 agedum,
462 3005 533 3080 quid
547 3002 705 3079 suspiras?
717 3004 807 3060 Amo.
823 2999 979 3074 Quamne?
998 3000 1147 3059 Puellam.
1175 3008 1176 3019 ³

275 3089 462 3147 Pulchram?
488 3088 621 3146 Pulchra
641 3088 738 3146 oculis
759 3094 806 3146 est
827 3107 863 3144 ea
881 3087 949 3145 visa
965 3086 1052 3144 meis.

232 3180 293 3234 Ast
313 3176 366 3233 ubi
386 3175 456 3234 visa
477 3175 533 3232 tibi
552 3173 618 3232 esti
638 3172 688 3232 Ad
707 3191 833 3232 coenam
853 3173 933 3230 forte
956 3177 1079 3230 vocatus

276 3260 357 3331 Vidi,
378 3279 568 3319 communem
589 3266 744 3334 presserat
762 3258 817 3315 illa
837 3264 948 3316 torum.

234 3343 315 3422 Spes
338 3352 385 3404 est
403 3364 496 3421 possa
518 3345 597 3402 frui?
620 3342 711 3420 Spes,
733 3364 751 3401 o
772 3344 859 3401 bone.
882 3339 1023 3413 Denique
1045 3343 1149 3413 aperte

276 3426 346 3488 Non
368 3449 443 3488 amo.
466 3431 606 3489 Furtivae
628 3448 724 3488 venor
742 3427 900 3485 amicitias.

233 3513 409 3592 Legitimos
422 3515 570 3574 thalamos
590 3514 670 3592 fugis
691 3512 786 3590 ergo?
803 3512 889 3580 ‘Vera
899 3507 1022 3584 putasti.

278 3599 370 3675 Quod
390 3617 459 3660 sors
480 3601 550 3673 huic
571 3617 684 3676 parvas
706 3615 816 3671 nempe
836 3592 960 3668 reliquit
979 3590 1076 3668 opes?

236 3684 336 3746 Omne
349 3692 447 3743 tenes.
462 3685 558 3762 Igitur
569 3703 625 3742 nec
640 3679 832 3741 amasbenel
849 3675 1149 3751 FallereNunquam

277 3770 375 3829 Recta
395 3779 506 3845 putans
529 3770 648 3828 animus
671 3766 864 3842 impatienter
886 3771 975 3822 amat.
