2884 4650
586 525 737 621 —r—s—

201 693 326 766 Affeeit,
346 693 510 772 pigrosque
530 694 651 754 induxit
672 704 797 774 pectore
820 713 940 770 sensus,

200 779 358 856 Inspiretu
380 779 457 846 meis
478 780 588 839 sitlans
610 780 722 839 oblivis
744 782 833 839 curis.
914 801 918 807 ’

201 862 255 924 Sic
276 871 330 921 tus
348 883 443 937 mors,
467 863 614 937 Lodoice,
637 867 740 940 tuique
761 866 873 923 iniuria
891 865 947 922 feti

200 947 361 1008 Musarum
382 949 486 1007 dulces
508 949 621 1024 foetus,
647 958 677 1007 et
697 950 832 1008 carmine
852 957 957 1008 nostro

201 1033 325 1094 Obterit
345 1035 515 1093 exenimo.
537 1034 706 1111 Postquam
728 1044 781 1093 tus
798 1036 906 1093 funere
923 1040 1056 1093 moestus

199 1119 335 1178 Auribus
356 1119 404 1177 bis
427 1119 525 1192 hausi,
545 1119 587 1178 nil
608 1139 666 1178 non
694 1120 840 1179 mutabile
862 1119 958 1192 sensi,

199 1206 301 1279 Atque
321 1203 401 1261 idem
424 1203 496 1261 mihi
518 1222 577 1277 me,
599 1205 650 1279 qui
671 1211 701 1264 te
717 1205 803 1277 mibi,
827 1223 917 1264 cesus
938 1202 1058 1263 ademit.

199 1287 272 1348 Hoc
295 1288 395 1347 solum
419 1296 568 1364 superest,
591 1289 629 1347 de
650 1298 680 1348 te
702 1292 756 1350 vix
777 1290 879 1348 dicere
898 1307 1005 1366 posse,

199 1373 241 1432 Et
261 1381 378 1432 tantum
401 1373 576 1432 meminisse
597 1375 651 1448 tui,
675 1382 728 1434 tue
749 1375 813 1433 fote
834 1381 993 1433 canentem
1026 1416 1029 1421 ·

199 1457 301 1531 Flere,
323 1459 422 1516 minus
443 1466 535 1530 muto,
558 1460 694 1534 sednon
719 1460 846 1519 meliore
866 1459 1004 1518 canende

198 1543 341 1602 Pectoris
362 1543 481 1600 effectu.
505 1541 615 1618 Siquis
626 1552 729 1604 temen
745 1546 821 1604 boec
831 1544 990 1620 quoque[,]
1006 1545 1034 1602 si
1045 1541 1114 1616 quis

199 1627 328 1705 Rumpit
348 1628 436 1686 irene
457 1627 564 1708 dolor:
583 1648 641 1687 non
661 1638 702 1703 te,
724 1631 782 1690 flos
804 1631 882 1688 lecte
899 1630 1033 1688 virorum

198 1713 362 1786 Indietum,
385 1720 437 1771 sut
456 1721 508 1770 tue
529 1712 611 1770 facte
631 1714 739 1774 sinam.
760 1715 832 1773 Tibi
851 1722 975 1790 pectora
988 1706 1114 1792 plango,

199 1798 240 1857 Et
261 1806 315 1856 tus
333 1799 395 1856 ism
416 1797 533 1856 resides
558 1799 674 1858 animos
698 1801 730 1858 in
752 1801 861 1857 funere
881 1798 978 1858 solvo.

199 1884 280 1942 Ecce
304 1883 357 1940 diu
377 1882 490 1942 sterilis
512 1883 592 1942 mele
615 1886 740 1944 conscie
761 1885 867 1960 lingue
886 1884 989 1942 silenti

203 1967 363 2043 Obsequio
386 1968 467 2026 tristi
486 1967 578 2040 vires,
600 1987 766 2045 vocemque
788 1969 940 2031 ministret
975 1976 997 2010 θ

199 2053 236 2111 In
255 2053 356 2111 luctus
379 2052 510 2111 fecunde
534 2071 619 2125 suos,
643 2073 700 2112 neo
719 2073 755 2112 se
775 2054 857 2130 cepit
875 2053 969 2124 intus,

200 2138 300 2214 Quem
320 2139 367 2196 vis
392 2138 467 2195 durs
488 2136 561 2194 meli
582 2139 683 2215 potuit
707 2139 850 2198 cohibere
872 2138 1017 2196 dolorem.
1069 2157 1072 2162 ·

241 2224 291 2282 Ah
311 2222 421 2297 quibus
440 2224 575 2281 incusem
594 2224 728 2300 probris,
751 2241 812 2299 qus
833 2241 909 2282 voce
932 2215 1094 2296 lacessam,

200 2306 285 2383 Quae
308 2315 337 2366 te
360 2328 422 2367 non
444 2308 539 2367 verite
561 2318 609 2367 est
630 2316 714 2369 tento
739 2310 880 2368 fraudare
899 2307 1039 2367 ministro

199 2392 359 2453 Gallorum
381 2394 504 2452 fortuna
526 2394 620 2467 vices,
640 2413 715 2469 quus
737 2412 830 2470 saepe
851 2402 983 2452 ruentes·

197 2478 310 2550 Fulsit,
334 2480 414 2537 etin
436 2486 498 2537 tuto
514 2498 633 2538 rursum
656 2488 708 2537 tue
732 2480 839 2537 dextre
858 2479 978 2550 locavit,

197 2563 280 2622 Dum
300 2564 393 2623 toties
415 2564 523 2637 vincis,
545 2565 721 2639 patriaeque
743 2564 919 2641 impendere
941 2563 1040 2621 vitum·

197 2648 271 2708 Non
295 2647 428 2721 dubitus,
450 2668 528 2725 quae
547 2657 577 2706 te
600 2668 698 2726 nuper
719 2649 797 2707 duce
819 2649 914 2706 civice
934 2649 1025 2725 fregit

198 2736 304 2807 Arma,
328 2752 405 2811 vago
424 2726 501 2793 fines
524 2753 584 2809 qne
606 2734 750 2793 Pictones
771 2753 859 2792 amne
881 2734 1029 2811 Vigenna,

199 2818 327 2895 Quaque
349 2818 425 2877 ulios
445 2820 523 2878 fines
545 2818 696 2879 Lemovix
722 2818 899 2896 Gardampn
917 2819 1073 2896 pererret?

197 2902 285 2963 Heus
306 2904 360 2961 ubi
380 2922 460 2961 nunc
480 2904 586 2977 virtus,
607 2904 779 2980 invictaque
800 2905 927 2964 dexteru
940 2904 1042 2962 bello?

198 2988 285 3048 Heus
307 2988 361 3045 ubi
378 2988 532 3065 perfectae
553 2990 659 3049 sitiens
682 3009 769 3049 mens
794 2990 914 3048 lundis?
933 2989 986 3047 ubi
1005 2989 1113 3066 ingens

198 3073 308 3134 Gloria
319 3072 537 3132 Osstenidum?
549 3094 659 3151 nempe
673 3076 759 3148 haec,
772 3076 848 3151 proh
862 3084 969 3134 sanctu
980 3073 1114 3131 Deorum

197 3158 344 3231 Numina,
366 3176 477 3235 nempe
497 3159 575 3237 nigri
597 3160 672 3217 huec
693 3160 740 3219 vis
762 3161 888 3220 obstulit
908 3160 1009 3217 omnin
1027 3156 1091 3215 leti.

200 3245 227 3305 0
252 3251 327 3321 quot
344 3244 501 3303 funeribus
524 3245 580 3307 tibi
599 3245 690 3303 funus
714 3246 850 3304 constitit
871 3246 981 3302 unuml

198 3327 276 3402 Quot
297 3328 440 3387 lacrimas
464 3331 568 3401 orbae,
590 3339 735 3405 quantum
753 3330 820 3402 tibi,
843 3328 946 3388 Gallie
965 3325 1021 3383 feti

197 3414 278 3474 Mors
285 3413 451 3471 deditunul
462 3412 582 3472 Novum
589 3433 687 3491 neque
697 3416 789 3488 euim,
797 3431 894 3488 neque
899 3429 997 3488 nuper
1004 3410 1114 3470 obortu

197 3497 356 3558 Nobilium
383 3498 420 3556 de
442 3497 532 3575 plebe
552 3509 653 3576 ceput,
675 3500 731 3559 sed
751 3498 899 3575 sangnine
920 3497 958 3554 ub
980 3494 1041 3555 ulto

198 3582 377 3644 Demissum
399 3602 507 3661 genus,
527 3593 618 3661 utque
639 3586 749 3643 beroae
773 3583 879 3658 stirpis
898 3582 1052 3640 alumnum

197 3667 302 3745 Usque
323 3669 361 3725 ab
384 3668 461 3741 uvis,
485 3677 515 3726 et
538 3688 660 3729 erorum
681 3668 792 3741 uteris,
809 3668 847 3725 eb
871 3667 988 3745 origine
1003 3663 1111 3749 primis.

199 3752 287 3829 Quod
306 3771 403 3831 genus
425 3762 594 3828 externum,
623 3772 700 3830 quse
721 3771 798 3830 gens
822 3761 885 3811 tum
907 3752 996 3812 devie
1016 3750 1114 3813 nescit
