2884 4650
557 575 706 671 Q—
824 548 826 558 .

171 737 307 805 Οἴκοδεν
335 742 350 803 ό
376 741 498 823 μάρτυς.
525 735 591 803 Οόκ
611 739 684 803 ἄνευ
708 761 744 820 γε
765 736 903 822 Θησέως.

165 821 302 909 Ὀμνυσι
322 824 459 907 Λάμπων
480 828 571 908 χήνα.
596 823 772 895 Παιζόντων
797 822 894 891 πόλις.

166 906 261 977 Ὀνος
287 909 319 971 ἐν
345 909 506 992 μελίτταις.
530 905 596 972 Οὐκ
619 908 691 971 ἄνευ
715 906 830 992 χρόνου
855 909 952 990 φιλας.

169 991 262 1062 Ὀνος
285 993 317 1055 ἐν
340 994 492 1076 πιθήκοις.
512 991 595 1076 Πρδς
619 993 697 1061 ἅλας
713 991 936 1077 ήγορασμένος.

167 1075 261 1146 Ὀνος
281 1079 358 1159 πρὸς
377 1077 482 1140 αὐλόν.
505 1075 632 1161 Μικρὸς,
653 1078 759 1160 ἡλίκος
780 1074 907 1140 Μόλων.

168 1160 288 1248 Ὀρδὴν
315 1163 458 1248 βαδίζεις.
479 1160 519 1225 ‘H
540 1164 662 1245 κορώνη
685 1161 814 1224 Δαυλία.

169 1243 302 1311 Ὀστοῦν
324 1245 422 1309 ἔνεστι
443 1252 488 1331 τῷ
507 1245 600 1329 λόγῳ.
619 1245 735 1329 Γοργόν
763 1245 879 1330 βλέπει.

173 1329 251 1397 Οὐδ’
271 1331 301 1394 ἐν
326 1330 455 1399 σελίνοις
479 1331 551 1393 ἐστί.
569 1328 655 1400 Βοῦς
672 1328 853 1399 Μολόττιος.

174 1415 220 1482 Οὔ
242 1439 326 1479 νυκτι
348 1417 472 1483 πλωεις.
503 1411 687 1498 Οπολεμος
708 1418 829 1478 πάντων
851 1417 961 1500 πατήρ.

174 1499 252 1567 Οὐδ’
275 1499 359 1584 όναρ.
376 1496 415 1563 ‘O
437 1498 596 1568 δασύπους
614 1503 666 1563 τδν
687 1501 757 1583 περὶ
779 1504 876 1582 κρεῶν
899 1500 1011 1586 τρέχει.

175 1583 221 1651 Οὐ
243 1583 333 1660 Χῖος,
357 1584 437 1647 ἀλλὰ
458 1581 560 1652 Κῶος.
582 1583 738 1664 Αἰγύπτου
760 1585 866 1666 γοίμος.

175 1668 241 1735 Οόκ
265 1670 315 1731 ἐπὶ
335 1666 507 1752 Χαριξένης
529 1670 595 1732 τάδ’
620 1668 695 1736 ἔστ’.
718 1667 795 1750 Αἴας
818 1671 902 1752 γελᾷ.

175 1751 241 1819 Οίνκ
265 1751 353 1837 ἔργον
378 1753 479 1837 ἕδρας.
499 1752 712 1837 Ἀποτραίγημ’
735 1753 905 1821 ἀλώπεκος.

176 1836 241 1903 Οὐκ
261 1837 321 1900 οἶδ’
342 1837 358 1900 ὃ
378 1840 515 1921 κρώζεις.
536 1835 590 1921 Μή
632 1836 710 1908 οίδιζ’
737 1835 809 1898 ἄνευ
833 1836 936 1906 ξύλου.

173 1922 299 2008 Ὀχλεῖς
322 1923 420 2005 μάτην
444 1945 481 2004 με
505 1921 577 2006 κῦμ’
602 1839 695 1990 gnus.
711 1918 821 2005 Ἔχεις
842 1923 948 2002 γαλῆν.

175 2007 252 2076 Παῖς
271 2008 362 2091 πατρὶ
384 2006 476 2089 λύπη.
500 2005 622 2090 Πρᾶγμ’
647 2007 823 2088 ἀναγκαῖον,
846 2005 950 2069 κακόν.

174 2090 367 2176 Παρεύρεσις
390 2086 535 2174 Θράκεια.
559 2089 689 2176 Λέσβιος
708 2087 827 2174 πρύλις.
926 2090 1051 2174 [δρηκία
1061 2094 1088 2169 1²]
1209 2123 1211 2128 ·

174 2176 299 2260 Πύρνου
324 2177 449 2259 σκοίφος.
472 2173 636 2260 Κρότωνος
655 2175 838 2257 ὑγιέστερος.

174 2261 320 2345 Ποίσητος
340 2261 529 2345 ήμιώβολος.
551 2259 651 2343 Σκύτη
675 2259 793 2409 ἓλέπει.

175 2346 272 2431 Πηλῴ
295 2345 454 2427 καδαίρεις
474 2346 583 2428 πηλόν.
597 2344 656 2413 Ὗς
705 2345 822 2409 οιωτία.

175 2430 348 2499 Πλεύσειας
370 2432 414 2497 εἰς
437 2427 599 2513 Τροιζῆνα.
621 2429 764 2511 Πέμματ’
785 2428 915 2492 Ἀττικοί.

177 2514 261 2599 Πλὴν
286 2513 380 2583 εἴτις
402 2514 482 2597 ὄρνις
500 2514 586 2578 οἶδεν
609 2511 768 2597 ήμῦις.Ἓν
792 2514 868 2597 πρὸς
889 2513 930 2577 ἕν.
1036 2579 1039 2587 ,

175 2598 320 2683 Πόλεμος
342 2598 484 2683 ἄδακρυς.
500 2596 543 2662 Ἢ
567 2601 629 2684 τρὶς
651 2598 732 2681 ἓί,ῆ
755 2598 816 2681 τρὶς
837 2596 936 2681 κύβοι.

175 2682 288 2769 Πόρρω
312 2682 386 2752 Διός
410 2707 442 2745 τε
461 2685 513 2746 καὶ
534 2688 696 2770 κεραυνοῦ.
718 2681 809 2765 Μηδὲ
828 2687 894 2765 γρῦ.

176 2766 275 2837 Πότος
297 2769 436 2835 Λυκεῖος.
455 2768 599 2837 Ἀκεσίας
621 2770 739 2832 ἰάσατο.

176 2850 248 2937 Πρὶν
271 2854 291 2936 ἢ
316 2854 420 2915 πτίσαι
438 2852 583 2937 τόίλευρα.
606 2852 666 2917 Τδν
692 2853 811 2937 ραλλδν
833 2850 908 2936 θεῷ.

175 2933 365 3024 Προβοίτειον
386 2937 474 3021 ήδος.
492 2936 647 3023 Ἀρκάδας
670 2936 870 3021 μιμούμενος.

176 3018 258 3106 Πρδς
278 3020 430 3104 Κώρυκον
450 3026 653 3106 γομνοίζομαι.
678 3021 779 3090 Λύκος
799 3024 914 3106 χανών.

177 3102 427 3191 Προσεγκαλοῦσ’
454 3107 484 3168 οἱ
505 3114 617 3191 φῶρας.
636 3107 740 3188 Αἰγῶν
764 3106 910 3189 ὀνόματα.

177 3187 374 3275 Προσέληνος
388 3191 509 3275 Ἀρκοίς.
538 3190 709 3275 Ἀκρότητα
733 3191 886 3275 κύμβαλα.

176 3272 379 3361 Πτωγότερος
396 3274 488 3359 Ἴρου.
511 3274 594 3360 Πρδς
618 3275 681 3339 δύω
705 3274 738 3338 δ’
761 3275 830 3339 οὐδ’
848 3272 1013 3359 Ἡρακλῆς.

177 3357 262 3443 Πυγὴ
283 3360 433 3442 γυναικός.
453 3356 493 3424 Ὁ
515 3361 566 3424 διὰ
590 3359 752 3445 φρατόρων
773 3361 865 3423 κύων.

176 3441 323 3527 Πώγωνα
344 3446 466 3507 τιλλειν.
488 3442 557 3508 Ἐπὶ
577 3445 658 3528 θύρᾳ
680 3445 734 3529 τὴν
759 3445 873 3527 ὑδρίαν.

176 3525 347 3613 Σαλαμινία
371 3534 453 3597 ναῦς.
476 3528 580 3593 Ποίντα
600 3528 689 3592 κοινὰ
709 3535 769 3592 τῶν
793 3528 900 3611 μιλων.

177 3609 292 3696 Σάμιος
309 3614 454 3698 κομήτης.
477 3611 621 3683 Τενέδιος
644 3616 820 3698 συνήγορος.

177 3693 302 3767 Σικελδς
323 3700 495 3765 δοίλασοαν.
517 3695 572 3768 Ec<
589 3701 681 3767 κυνδς
702 3697 799 3779 πυγήν
824 3694 892 3777 δρα.

177 3777 319 3846 Σκυθιστὶ
342 3783 430 3845 πίνει.
452 3783 475 3846 Γ
477 3788 514 3866 ήν
538 3785 596 3867 πρδ
619 3788 674 3866 γής
694 3780 865 3845 ἐλαύνεται.
