2884 4650
571 552 721 647 m{ii-7—

478 715 525 797 Νὴ
549 718 603 799 τὴν
628 717 810 799 νηξαμέναν.
1004 721 1102 799 ζῌθ)

191 804 242 867 sie
265 805 339 863 milri
360 804 500 863 caeruleo
522 806 625 864 faveat
642 806 747 864 Venus
770 815 835 863 ortu
853 805 1015 883 profundo,

232 890 274 951 Ut
296 889 395 949 mollis
417 890 503 949 molli
525 892 663 967 proditur
683 910 736 949 ore
755 910 823 949 suo.

466 1053 571 1123 Ἐντὸς
590 1056 666 1138 ἐμῆς
684 1057 820 1138 κραδίης.
1004 1062 1101 1139 ζ(11)

189 1145 235 1203 Te
258 1144 370 1203 dudum
392 1144 472 1202 vitae
493 1146 596 1217 vitem,
620 1145 798 1205 doctissime
816 1146 901 1203 fandi
923 1174 926 1179 ·

231 1228 413 1302 Heliodoro,
437 1248 503 1287 meo
522 1239 646 1307 pectore
668 1230 796 1305 sculpsit
814 1233 918 1289 Amor.

499 1392 625 1459 Βοίδιον
647 1394 799 1477 αὐλητρίς.
1005 1396 1102 1481 ζ(ί·2)

189 1484 216 1544 Ο
239 1482 355 1556 Venus,
379 1483 532 1557 emeritae,
553 1484 678 1543 tibicina
697 1484 837 1544 Boedion
861 1495 951 1559 etque

230 1568 370 1645 Pythias,
394 1569 450 1628 hes
472 1588 578 1642 zonas,
605 1570 661 1627 hae
683 1571 863 1645 tabulaeque
884 1571 950 1629 tibi.

186 1652 317 1712 Institor
337 1661 367 1711 et
390 1664 550 1726 mercator,
573 1663 603 1711 et
625 1654 705 1712 unde
728 1656 807 1713 haec
823 1656 956 1733 cingulo,
978 1664 1009 1713 et
1020 1656 1101 1715 unde

230 1737 299 1797 Hae
320 1739 452 1812 tabulae,
475 1740 576 1816 potuit
593 1739 671 1797 scire
693 1759 838 1799 crumena
855 1749 920 1799 tua.

464 1903 657 1967 Ἀνῦοδίαιτε
680 1904 821 1985 μέλισσα.
1005 1909 1101 1985 ζ(13)

188 1990 307 2051 Oultrix
328 1993 411 2051 floris
433 1994 512 2069 spis,
535 2013 586 2051 cnr
606 1994 721 2052 artibus
744 1992 932 2052 Heliodoree

229 2077 385 2150 Insidens,
409 2088 497 2137 netas
518 2098 591 2137 vere
612 2078 759 2152 relinquis
778 2078 877 2155 opes?

185 2162 277 2221 Anne
299 2164 357 2221 hoc
382 2164 547 2241 significes,
569 2165 650 2239 quod
672 2164 772 2221 dulcia
793 2163 877 2222 fellis
900 2162 997 2219 emori

231 2246 328 2307 Corde
348 2250 403 2307 sub
423 2250 517 2307 infido
538 2250 655 2326 spicula
674 2249 797 2308 Amoris
824 2248 938 2305 habet?

186 2335 277 2392 Anne
301 2335 358 2392 hoc
381 2335 556 2412 significes?
578 2337 637 2394 hoc
657 2337 701 2395 sio
725 2343 782 2407 est,
806 2341 942 2409 utputo,
969 2333 1013 2391 sie
1033 2341 1080 2393 eet

230 2418 307 2478 Hoc.
329 2419 384 2478 sed
405 2421 464 2478 abi.
485 2420 546 2478 inm
569 2431 616 2480 snt
637 2422 778 2480 novimus
799 2419 890 2478 istud.
913 2419 973 2477 abi.

422 2582 483 2648 Καὶ
504 2588 576 2669 πυρὶ
598 2588 648 2648 καὶ
669 2590 784 2667 νιφετῷ
807 2607 855 2666 με.
1004 2588 1101 2665 (Ol)

185 2674 237 2732 Me
259 2673 341 2745 nive,
366 2693 414 2733 me
437 2676 578 2749 flammis,
601 2695 649 2732 me
671 2674 808 2732 fulminis
830 2674 900 2751 igne
919 2674 1056 2733 lacesse:
1078 2722 1081 2728 .

229 2757 289 2816 Per
309 2759 391 2836 iuga,
413 2779 469 2836 per
486 2761 566 2819 frete
584 2779 645 2833 me,
674 2761 701 2818 si
719 2760 816 2832 lubet,
839 2760 902 2817 elta
921 2760 1016 2817 trahe.

184 2841 255 2900 Non
276 2843 395 2915 vincer3
417 2865 486 2902 nam
509 2847 563 2924 qui
582 2844 688 2921 rapido
709 2852 840 2902 torretur
858 2865 972 2918 amore,

228 2926 299 2986 Non
317 2937 408 3004 quest
431 2931 556 3003 infesto,
579 2950 646 2988 cum
667 2938 765 3002 tonet,
785 2930 856 3008 igne
879 2931 950 3006 peti.

592 3017 696 3074 Aliter.

183 3101 234 3158 Me
257 3099 340 3171 nive,
358 3117 407 3156 me
429 3100 561 3173 flumme,
581 3120 641 3174 me,
664 3101 689 3159 si
713 3099 798 3172 libet,
819 3100 932 3177 impete
953 3118 1040 3158 sucro

227 3184 377 3242 Fulmine.
401 3203 457 3260 per
474 3204 633 3261 praeceps,
658 3205 714 3262 per
737 3186 834 3244 muria
853 3186 916 3243 olto
934 3203 1016 3260 rape.

183 3270 370 3346 Depositum
392 3270 483 3342 curis,
506 3271 712 3346 domitumque
737 3270 888 3347 Cupidine
910 3288 1001 3328 saevo

226 3355 365 3414 Flamma
387 3374 443 3412 nec
462 3375 481 3412 a
500 3375 618 3416 summo
641 3358 738 3415 missa
759 3356 903 3415 Tonante
925 3352 1029 3429 quatit.

438 3517 479 3584 Τὸ
503 3521 619 3606 σκύφος
638 3522 697 3604 ἡδὺ
721 3520 846 3602 γέγηθε.
1003 3521 1020 3588 ζ
1029 3521 1100 3599 (15)

184 3607 286 3670 Sueve
304 3609 431 3679 renidet,
462 3618 492 3668 et
510 3611 570 3670 hoc
590 3631 651 3669 uno
671 3630 705 3669 se
727 3608 852 3668 nomine
869 3606 972 3679 iactet,

226 3694 397 3771 Zenophile
415 3693 547 3752 admovit
568 3696 647 3772 quod
667 3695 726 3753 sibi
747 3693 844 3764 labra,
869 3690 959 3749 culix.

186 3780 213 3840 Ο
240 3781 267 3838 si
290 3780 401 3838 ductim
424 3780 713 3840 animam-nostram
736 3776 825 3837 simul
847 3777 949 3836 ebibet
969 3777 1049 3853 ipse,
