2884 4650
686 510 836 607 „²3⁰-

309 677 399 785 ἔργον
425 674 478 760 ἔην
500 679 612 761 κήπου,
634 678 705 762 περὶ
728 679 763 741 δὲ
784 672 1114 779 πραπίδεσσινκίκαστο

307 760 913 932 ἓόίοίέρῖἕήίοίίῗόλέθερδῖίόθί
931 756 1224 929 όῖἔῖέό.θῗ.“”θ“”

307 931 430 1017 κράμβη
445 932 500 1014 μὲν
514 934 668 1015 πρασιαῖς,
688 931 893 1016 πλατόφυλλοι
904 952 937 993 τε
952 929 1064 991 σεῦτλα
1075 925 1222 1012 περόκει,

309 1014 479 1099 αδέιθαλής
501 1015 654 1096 λάπαθος,
676 1017 728 1079 καὶ
751 1014 943 1099 δενδροφυὴς
991 1013 1133 1097 αλαχείη,

306 1098 439 1183 κωδείης
459 1099 594 1184 κρόμυον
616 1120 650 1162 τε
672 1103 867 1185 φερώνυμον,
893 1096 943 1183 ηδ’
966 1036 1133 1181 ἐρέβινθος,

306 1184 359 1247 καὶ
379 1184 486 1267 μ’κων
507 1189 645 1330 ψυχρήσι
666 1184 868 1269 καρηβαρίαις
886 1182 1074 1265 πολυαλγὴς,

308 1208 466 1352 δαψιλέων
487 1290 520 1330 τε
539 1291 557 1330 τ
574 1288 662 1352 κμωρ
683 1271 704 1351 ἡ
725 1269 854 1353 θριδάκη
870 1266 1068 1341 εἰλαπινάων,

309 1352 447 1436 ὀγκῶδές
469 1350 497 1415 τ’
524 1352 573 1415 ἐπὶ
594 1354 701 1437 γαστρὶ
720 1350 906 1436 κυϊσκομένη
928 1345 1107 1431 κολοκύντη.

307 1442 351 1521 τῷ
373 1437 466 1521 κτήτη
489 1437 527 1499 τὰ
550 1438 604 1519 μὲν
628 1436 665 1501 οό
683 1438 740 1517 (τίς
761 1436 818 1521 γὰρ
842 1434 1050 1520 ἀμελέστερος
1072 1433 1198 1516 αὐτοῦς)

307 1523 411 1583 λαοῖσι
437 1521 472 1582 δέ
493 1522 626 1604 τεθήλει.
648 1521 711 1604 ὅγ’
735 1521 937 1606 ἐμπρόθεσμα
959 1518 1085 1582 πόλινδε

307 1605 399 1667 ὤνιον
423 1604 610 1690 ἐμπεράμων
634 1608 777 1691 λαχάνων
800 1606 933 1689 κώμυθα
955 1602 1113 1689 φέρεσκον.

307 1687 383 1752 ἔνθα
406 1688 533 1771 δόμονδ’
558 1688 736 1776 ἀπόφορτος
761 1690 858 1774 ἀνήϊε,
877 1690 1005 1773 κέρματι
1026 1687 1151 1774 βρίθων,

309 1774 391 1857 μηδὲ
411 1775 634 1857 κρεωπωλείου
657 1775 786 1859 ἐδητύος
805 1774 1017 1860 ἀντιβολήσας.

305 1855 478 1943 κρόμμυον,
497 1860 555 1965 ήδὲ
576 1860 707 1944 πράσοιο
729 1860 936 1944 περισχίστοιο
961 1856 1061 1939 ἀλωὴ,

307 1942 393 2026 ῥῖνας
412 1941 620 2028 ἐπιστυφοντα
641 1968 674 2007 τε
696 1946 841 2028 κάρδαμα
863 1944 951 2026 λιμδν
974 1940 1101 2018 άλαλκε,

306 2027 460 2096 εἱλίποδες
480 2033 644 2113 κιχορεῖαι,
666 2028 809 2112 ἐόζωμόν
832 2052 865 2091 τε
886 2028 1026 2111 θυραῖον.

305 2115 376 2174 τοῖα
400 2112 455 2194 μὲν
478 2114 633 2196 ὁρμαίνων
656 2114 732 2197 ὑπὲρ
757 2113 849 2176 οόδδν
874 2113 1026 2195 ἀμείψατο
1045 2110 1156 2193 κήπου,

305 2196 357 2258 καὶ
379 2195 490 2280 τέτορα
513 2195 649 2281 σκόροδα
670 2198 741 2281 περὶ
764 2198 802 2280 δὴ
825 2194 1026 2281 προθέλυμνα
1046 2194 1185 2279 λαχήνας

304 2278 419 2364 χηόθεν
444 2279 658 2366 αότοκόμοισιν
681 2280 740 2364 ἅμ’
763 2282 949 2363 αἰγλίθεσσιν
972 2281 1107 2362 ἀποσπᾷ.

305 2366 358 2427 καὶ
380 2365 470 2450 ῥοπήν
490 2367 635 2452 χλοερὴν,
659 2367 864 2452 βραχόιρυλλα
886 2388 919 2429 τε
940 2368 1027 2428 τῖλλε
1047 2363 1163 2440 σέλινα,

306 2449 358 2511 καὶ
379 2450 524 2534 κορίαννα
546 2451 676 2536 κρόκησι
699 2453 835 2536 κατήρεα
855 2449 1052 2533 λεπταλέησι.

305 2533 357 2594 καὶ
378 2534 447 2596 τάδ’
472 2537 683 2620 άμερξάμενος
702 2560 759 2621 περ
783 2536 830 2599 ἐπ’
855 2532 1024 2620 ἐσχαρόφιν
1049 2533 1195 2616 ἐκάθητο.

307 2618 429 2701 δμωίδα
452 2620 485 2682 δ’
508 2621 630 2692 αἰτίζων
653 2621 784 2706 εὐεργέα
806 2621 901 2705 όλμον
926 2621 1022 2682 ἀυτεῖ.

170 2740 173 2745 »
306 2701 399 2778 άν,δδ
420 2708 553 2786 χιτῶνας
576 2704 686 2790 ἄτερθε
707 2705 925 2791 πολυπτυχέας
950 2704 1084 2789 ἀπόερσε

306 2786 416 2869 φλοιδν
440 2787 507 2850 ἀνιέ
531 2810 609 2865 ενος,
633 2791 693 2853 άπδ
719 2791 754 2854 δὲ
775 2789 868 2876 βόπον
889 2791 947 2873 ἧκε
968 2790 1090 2874 χαμάίε

304 2870 455 2947 κωδειῶν,
479 2873 496 2955 β
519 2874 595 2958 λβου
614 2897 647 2936 τε
668 2877 744 2960 κεβλ
765 2875 868 2958 γονίην
891 2875 1008 2958 ἐδίηνεν

307 2952 400 3017 όδασ’
426 2954 458 3017 ἐν
482 2955 520 3038 ἀγ
541 2957 633 3020 ιόστει
657 2897 833 3042 εἰλημένου,
855 2959 887 3022 ἐν
912 2960 939 3022 δ’
966 2957 1081 3043 ἐφέηκε

305 3039 423 3102 λάκτιδι
441 2979 548 3124 λαϊνέη
572 3039 724 3126 χόνδρους
752 3043 828 3113 ἁλδς
853 3043 970 3128 ἄμμιγα
992 3043 1131 3105 πάσσων.

307 3123 338 3186 ἐν
363 3123 390 3186 δ’
413 3123 475 3209 ἄρα
495 3126 696 3210 τυρυτάριχυν
720 3127 800 3209 όμοό
824 3130 967 3214 βοτάναις
991 3127 1125 3210 ἐπίηλεν,

305 3210 380 3292 λαιή
404 3214 527 3293 σπεῖρον
550 3209 630 3272 ἐλὼν
654 3211 813 3296 βουβῶνος
835 3213 910 3297 ὑπὲρ
934 3213 1065 3276 λασίοιο.

306 3292 441 3379 δεξιτερὴ
462 3292 491 3358 δ’
517 3294 621 3380 ὑπέρῳ
644 3293 801 3379 σκορόδων
824 3295 916 3379 μένος
937 3297 1031 3381 ἁδρὸν
1054 3294 1166 3379 σἰλήθει

305 3376 469 3463 άμφόρδην
494 3380 669 3464 μιγάδεσσιν
687 3379 901 3465 ἐπιψιόχοντος
923 3381 1035 3444 όποῖσι.

303 3465 396 3544 χεῖρα
418 3463 447 3525 δ’
473 3465 738 3551 ἐπιστρωφῶντος,
758 3464 813 3527 έδν
834 3463 926 3547 μένος
948 3465 1000 3535 όξθ
1024 3465 1150 3528 λέλοιπε

303 3544 392 3606 πάντ’
417 3544 537 3631 άμυδις,
559 3550 613 3634 μία
635 3549 664 3612 δ’
685 3549 720 3610 ἐκ
739 3550 864 3611 πολλῶν
883 3549 1052 3633 ἐπενήνοθε
1071 3550 1176 3654 χροιὴ,

305 3626 342 3690 οδ
363 3630 437 3711 μάλ’
460 3632 654 3718 όλόχλωρσν,
678 3631 813 3718 θρόμβοι
834 3634 862 3696 δ’
887 3631 965 3718 ήσαν
984 3637 1176 3717 χλαγοεντες,

304 3711 342 3776 οὐ
364 3713 538 3798 ηλαγόεσσα
562 3719 597 3782 δὲ
619 3721 757 3802 πάμπαν,
784 3719 850 3782 ἐπεὶ
870 3719 967 3806 χλόος
986 3719 1183 3805 ἀμφιδεδήει.
