2884 4650
554 566 703 660 „s—ca-

172 726 280 787 Genus
294 728 455 802 'necantes
473 732 541 809 lege
561 735 703 793 sanciens
723 745 798 794 rata.

173 812 201 872 0
225 822 330 886 mater,
354 834 372 872 o
393 815 512 873 misella
533 826 638 892 mater,
662 829 792 878 nectua

170 898 254 957 Laus
276 899 425 958 interibit:
454 903 525 975 quin
547 904 649 980 virago
668 905 776 963 Persei

172 984 333 1043 Triformis
357 983 439 1043 Orca
462 994 490 1043 te
511 1005 615 1045 canem
636 992 834 1065 pernoctibus

173 1068 304 1129 Saeuam
325 1069 462 1128 efferabit
483 1072 514 1129 in
537 1074 621 1132 viros
645 1076 819 1148 nictatibus,

172 1150 291 1227 Quique
309 1154 488 1231 imperantis
513 1155 669 1235 Strymoni
693 1159 857 1220 Caniculae

170 1239 309 1298 Delubra
330 1240 486 1316 flam[m]is
511 1262 572 1301 non
595 1244 697 1302 colent
718 1246 905 1322 ardentibus,

169 1324 338 1382 Pheraeam
363 1326 466 1401 opima
488 1328 579 1385 caede
602 1330 757 1404 placantes
777 1331 874 1392 deam.

171 1408 235 1470 Sed
255 1410 337 1469 busti
357 1410 457 1469 inanis
479 1411 614 1471 insulare
635 1417 779 1491 cespitem

169 1494 309 1571 Pachyni
330 1495 454 1577 habebit
471 1497 600 1571 culmen,
622 1518 660 1556 ex
680 1502 839 1561 insomniis

170 1580 248 1638 Heri
270 1580 403 1656 timentis
428 1581 589 1640 excitatum
613 1584 748 1657 dextera,

170 1665 220 1724 Ad
239 1685 347 1741 purum
371 1665 479 1724 Helori
499 1669 655 1726 funeratae
678 1672 843 1748 marginem

172 1751 234 1826 Qui
254 1750 376 1807 functae
394 1751 426 1808 in
447 1753 510 1810 oris
528 1754 639 1811 inferet
655 1754 801 1814 libamina

171 1836 295 1893 Triviae
316 1835 448 1894 furorem
471 1838 587 1895 scilicet
606 1838 717 1898 timens
743 1841 828 1913 deae,

170 1920 257 1994 Quod
282 1920 397 1996 primus
421 1922 535 1979 audens
558 1924 642 1980 saxei
665 1925 761 1982 iactus
784 1928 881 1999 nefas,

171 2006 254 2066 Orco
275 2006 405 2081 praeibit
428 2007 487 2064 dux
509 2008 665 2064 inhumani
688 2010 777 2066 sacri.

171 2092 198 2151 Ο
224 2092 326 2161 frater,
348 2091 465 2147 animae
485 2091 645 2167 plurimum
658 2094 764 2151 irater
783 2114 870 2154 meae

168 2175 300 2247 Dilecta,
324 2176 470 2233 fulmenta
497 2177 616 2233 aedium
641 2186 731 2253 atque
753 2181 880 2255 patriae,

168 2261 244 2319 Non
264 2261 377 2320 frustra
396 2261 490 2320 tauris
513 2262 631 2321 imbues
654 2263 761 2321 altaria

170 2346 291 2418 Caesia,
315 2355 466 2404 tenentem
489 2348 638 2424 Ophionis
665 2351 774 2408 sedilia

167 2434 328 2490 Venerans
350 2433 451 2508 opimo
475 2433 660 2491 victimarum
686 2453 819 2493 munere.

169 2517 232 2578 Sed
255 2525 375 2574 rorate
399 2515 530 2576 vectabit
551 2520 583 2576 in
605 2520 728 2591 natalia,

169 2602 297 2662 Graecis
320 2603 470 2679 vigentem
491 2623 561 2661 rura
582 2604 693 2681 adepta
715 2605 851 2682 gloriam,

167 2688 231 2748 Ubi
253 2687 438 2764 palaestram
461 2689 551 2746 docta
573 2697 668 2746 mater
690 2691 781 2748 Latia

169 2773 254 2834 Olim
276 2773 472 2848 imperantem
494 2773 624 2831 Tartaro
648 2775 772 2832 trudens
796 2794 896 2848 annm,

167 2858 293 2917 Fui-tiva
316 2857 408 2916 solvit
431 2859 531 2916 vincla
555 2859 760 2935 partitudinis,
858 2879 861 2885 ·

168 2943 298 3003 Gumiae
319 2943 418 3000 mariti
441 2943 681 3019 pullimanducas
706 2963 817 3004 cavens
879 3009 881 3013 ,

166 3028 283 3104 Epulas
304 3029 462 3099 nefandas,
486 3048 542 3085 nec
563 3029 711 3105 saginavit
733 3030 812 3106 dape

166 3114 290 3185 Alvum,
311 3113 408 3171 faceta
432 3104 563 3190 glutiens
587 3123 692 3174 saxum
714 3115 780 3172 vice

168 3197 402 3260 Suffarcinatum
425 3198 568 3256 mollibus
591 3200 760 3273 cunabulis,

166 3283 268 3342 Prolis
289 3284 459 3360 sepulcrum
482 3285 568 3342 triste
591 3285 752 3344 semiferus
774 3304 858 3343 suae.

167 3368 248 3443 Quin
269 3368 381 3445 templa
402 3369 527 3428 habebis
548 3369 725 3445 insulasque
745 3371 879 3428 Manium

165 3455 341 3512 Verruncus
365 3473 455 3512 aurae
477 3455 647 3530 pestilentis
669 3455 803 3531 Indiges,

166 3539 228 3599 Ubi
250 3545 371 3597 secutus
393 3539 493 3616 Ogygi
512 3540 626 3616 poplos
652 3548 736 3599 satus

168 3624 280 3684 Oracla
301 3623 412 3682 Medici
435 3625 539 3700 Lepsii
563 3623 762 3694 Terminthei,

165 3710 214 3768 Ex
234 3709 411 3786 Ophryneis
433 3717 463 3766 te
487 3709 666 3785 sepulcretis
688 3725 793 3784 agens,

165 3799 276 3855 Arcem
302 3794 341 3851 ad
364 3791 492 3870 Calydni
513 3795 602 3851 ducet
625 3804 655 3851 et
676 3801 788 3849 terram
810 3794 942 3864 Annum,
