2884 4650
578 527 729 623 Q

193 692 301 752 Miseri
322 692 457 769 lupinum
479 694 575 772 patris
596 696 730 773 explevit
750 697 873 771 famem,

193 778 371 846 Extremam
394 781 508 839 arantis
527 788 638 839 terram
663 782 779 841 Edonis
802 783 960 861 hospitem.

192 865 254 923 Ast
273 864 351 922 ultor
376 882 447 922 acer
465 864 572 942 Phryx
597 866 680 925 necis
702 866 839 926 sororiae

192 948 313 1008 Rursus
332 950 478 1007 nutriceui
502 950 703 1009 continentem
726 952 824 1022 diruet

191 1031 297 1091 Parioi
319 1035 419 1113 opaci,
442 1035 509 1093 iura
529 1036 748 1095 sincerissuma

192 1118 364 1178 Reddentis
387 1126 452 1177 arte
472 1127 649 1179 contumace
668 1122 821 1198 pluribus:

192 1203 360 1262 Lalisionis
384 1205 499 1262 aurium
524 1206 577 1281 qui
597 1207 783 1284 appendices

191 1288 320 1347 Flaccos
340 1290 491 1362 recidens,
512 1298 646 1367 tempora
665 1290 790 1351 ornabit
811 1308 877 1363 sua,
897 1346 899 1350 .

193 1374 311 1433 Muscis
335 1374 474 1432 timorem
495 1376 705 1452 sanguisorbis
727 1376 887 1435 adferens:

194 1457 255 1517 Oui
276 1466 384 1517 cuncta
405 1458 555 1537 Phlegrae
577 1469 658 1519 terra
681 1470 772 1538 capta
791 1461 913 1532 serviet,

194 1542 489 1619 Thrambusiumque
511 1545 639 1619 culmen,
662 1554 752 1621 etque
776 1545 891 1604 caeruli

192 1628 302 1705 Rupes
323 1628 456 1701 Titouis,
480 1638 569 1705 atque
594 1629 755 1692 Sithonum
776 1631 897 1708 plagae.

191 1712 427 1788 Palleniumque
447 1715 594 1791 iugerum,
618 1717 700 1791 quod
722 1716 864 1793 corniger

192 1798 296 1856 Rumo
320 1799 451 1876 saginat,
471 1799 537 1859 lixa
552 1802 653 1878 gentis
676 1802 805 1859 accolae.

192 1883 308 1941 Multas
330 1884 466 1943 vicissim
489 1886 654 1944 concitabit
673 1886 825 1943 lacrumas

194 1967 342 2043 Quirinus
365 1978 417 2027 aut
438 1967 601 2042 Gradivus,
624 1977 675 2027 aut
697 1989 787 2045 quem
809 1968 924 2027 dixeris

191 2053 420 2130 Ligurrientem
438 2062 510 2130 pota
531 2055 624 2113 caede
645 2055 772 2131 praelia.

195 2136 259 2197 Sed
281 2158 344 2196 uou
367 2139 503 2213 quiescet
523 2140 568 2197 sic
589 2158 701 2215 parens
724 2138 905 2209 Promethei,

194 2220 260 2283 Sed
280 2242 335 2300 pro
355 2224 507 2283 universis
529 2225 631 2299 stirpis
656 2244 748 2283 unum
767 2223 875 2282 Persei

192 2308 295 2368 Mittet
317 2309 481 2386 gigantem,
505 2311 553 2369 cui
570 2310 622 2368 via
642 2331 725 2368 mare
748 2310 903 2387 hospitum

193 2394 262 2452 Erit
282 2394 427 2470 pedestri,
450 2405 480 2453 et
503 2403 584 2455 terra
606 2397 799 2473 navigabitur

194 2478 309 2537 Tonsis
332 2480 448 2537 secanti
466 2500 545 2539 rura.
567 2489 639 2539 tunc
659 2481 816 2540 Feretriae

192 2562 315 2622 Domus
338 2562 482 2637 Quirinae
503 2573 568 2624 tota
587 2567 719 2644 flagrans
742 2566 863 2643 ignibus

195 2647 482 2734 Cumlmoeniorum
504 2651 605 2728 ligneo
626 2652 805 2727 procestrio,

193 2729 334 2793 Faunum
356 2736 478 2794 vocabit
498 2737 596 2811 pestis
619 2745 764 2808 autorem,
786 2753 932 2812 augurem

193 2819 434 2894 Mendaciorum,
456 2821 626 2898 Februique
647 2821 821 2879 antistitem.

196 2902 375 2980 Crudaeque
398 2906 481 2982 genti
503 2915 610 2964 cuncta
631 2905 791 2964 mandetur
815 2904 902 2963 simul

195 2989 351 3066 Deglubta
373 2991 486 3067 duplici
507 2991 655 3050 delibrato
679 2992 788 3048 cortice

195 3075 358 3134 Mansuete
379 3076 481 3132 nutrix
502 3076 663 3149 fructuum,
686 3084 778 3152 atque
800 3076 892 3134 arbos
916 3075 995 3132 iere:

195 3159 401 3218 Exhaurietur
421 3162 520 3220 omnis
542 3162 624 3220 unda
645 3161 799 3220 fluminum

197 3242 273 3304 Sitis
297 3245 415 3304 calores
438 3246 554 3304 affatim
576 3247 831 3324 extinguentium:

195 3328 305 3388 Nubes
327 3331 447 3407 sagittis
468 3332 585 3390 eminus
610 3332 807 3392 stridentibus
829 3376 831 3380 ,

198 3411 299 3491 Super
318 3423 408 3492 caput
429 3418 609 3490 crebrescet,
633 3428 724 3492 utque
747 3415 918 3474 Cimmerae

198 3499 344 3560 Obnubet
365 3502 489 3560 umbrae
511 3503 631 3577 squalor
652 3504 818 3561 obscurans
839 3497 935 3555 iubar.

198 3583 305 3660 Qualis
326 3585 488 3646 Locrensis
511 3606 570 3645 non
592 3588 643 3646 diu
661 3587 753 3646 vivax
772 3601 857 3654 rosa,

197 3670 238 3729 lit
257 3678 365 3728 cuncta
384 3678 508 3730 vastans
528 3671 610 3730 velut
631 3671 734 3748 aprica
753 3666 908 3738 stramine,

197 3755 318 3815 Rursus
342 3755 454 3814 feretur
474 3757 506 3814 in
528 3757 623 3833 pedes
642 3755 824 3832 reciprocus,
868 3836 910 3896 2⁴
