2884 4650
579 539 728 632 Α

197 696 255 781 (Tb
278 698 336 782 γὰρ
361 699 509 782 παράρων
532 702 582 764 καὶ
603 703 802 786 κεκορρένων
827 704 941 789 φρένας

196 781 366 867 Μέληθρόν
390 783 484 864 ἐστιν)
505 785 577 846 ἀλλ’
599 786 645 848 ότι
664 787 837 858 Σκαλανίας

196 868 309 951 Ψυχῆς
331 868 433 950 ὑγείαν
457 867 488 928 ἐν
513 873 637 954 νοσηλιγῑ
661 873 780 955 σώματι

190 949 323 1015 Ἐδεκτο
346 956 467 1036 χαῖον.
490 953 589 1016 οἰκίαν
613 955 643 1018 δ’
669 957 746 1040 ἐμὴν
769 959 836 1020 ἐπεὶ

193 1034 298 1100 Ἠθεῖ’
323 975 468 1118 ἐπῆλθεν,
491 1037 610 1121 ἥδομαι
632 1042 683 1102 καὶ
703 1044 862 1125 γάννυμαι.

195 1119 260 1184 Καὶ
277 1119 444 1205 Χρέμυλος
467 1121 570 1206 ῶσπερ
594 1128 729 1206 κωμικός
748 1128 883 1190 πλούτου
905 1133 1007 1215 τυχῶν

195 1212 259 1277 Καὶ
307 1209 473 1294 ροιριάζειν
496 1208 547 1269 καὶ
567 1210 708 1293 χορεύειν
735 1213 897 1296 βούλομαι.

196 1298 239 1361 Σὺ
261 1319 320 1379 γαρ
345 1293 553 1359 ἀντίπλουτος.
577 1293 608 1355 ἓν
631 1293 700 1357 τόδ’
723 1296 895 1381 ἠχθέσθην,
919 1298 965 1361 ότι

198 1383 298 1464 Φιλην
322 1380 463 1460 δάμαρτα
486 1377 636 1459 δωμάτων
660 1383 767 1463 πιστὴν
786 1381 863 1444 κύνα

192 1465 327 1531 Ἔλαθες
350 1462 464 1545 ἐπῆλὺς
489 1462 554 1523 ἀντὶ
575 1465 719 1546 φιλτάτου
740 1469 858 1549 παρών·

198 1549 399 1631 οόδ”ῶσπερ
423 1547 514 1626 εἰκὸς,
540 1550 582 1614 ὡς
605 1548 710 1632 ἐχρῆν,
735 1554 777 1618 ῶς
799 1549 881 1618 ἀξιον

193 1634 289 1718 Ἐμοί
308 1655 341 1694 τε
365 1633 415 1694 καὶ
441 1632 498 1706 σοὶ,
519 1631 682 1714 ἐξενώθης.
705 1636 735 1696 τί
751 1636 859 1712 πάθος

198 1718 238 1783 Τί
260 1719 289 1780 δ’
314 1716 427 1784 ἔλαθες
449 1715 566 1792 αὕτωςς
587 1716 605 1800 ῆ
629 1741 667 1799 ρα
693 1717 838 1803 βακχικδν
859 1721 953 1786 πέδον

200 1805 246 1868 Ab
268 1805 404 1887 ῆλιανῶν
430 1799 459 1862 σ’
482 1801 658 1884 ἐνπερῆσειν
677 1803 804 1886 ἤλπισα.

240 1827 457 1969 λθίιδαιμονίζω
480 1885 531 1946 καὶ
555 1887 589 1948 σὲ
612 1891 665 1969 τῆς
683 1889 818 1972 ἀφίξεως

200 1973 334 2037 Λιπόντα
357 1969 492 2054 Πάριδος
511 1971 564 2053 τῆν
587 1969 675 2033 πόλιν
698 1975 881 2055 φερώνυμον

199 2057 300 2123 Αὐτόν
318 2079 351 2119 τε
374 2055 533 2136 δόσπαριν,
557 2055 682 2138 Φρύγας
700 2080 732 2118 τε
753 2064 948 2141 γυναιμανεῖς

200 2139 464 2226 Πιθηκομόρφους
485 2140 612 2223 αὐλικῆς
633 2141 765 2224 ἀεργίας.

200 2229 264 2293 Νῶν
288 2224 415 2293 εἰκότως
436 2247 471 2306 γε
495 2226 576 2308 φημί
596 2225 625 2288 0’
650 2225 711 2288 ὄντ’
735 2226 912 2311 ἐλεύθερον.

197 2311 278 2397 Ἐγὼ
307 2311 341 2375 δὲ
365 2311 458 2393 δηρόν
483 2309 617 2394 ὑστερῶν
640 2332 707 2383 σου,
729 2311 878 2396 φαίνομαι

200 2398 263 2462 Νῶν
285 2396 475 2471 ἀντίδουλος,
501 2395 657 2457 δεσποτῶν
681 2396 856 2480 ἀβελτέρων

201 2480 352 2568 Τριτάλας
377 2478 500 2543 ἀκοόων
523 2481 574 2541 καὶ
594 2481 696 2542 δίκαια
713 2479 825 2543 κᾶδικα

201 2565 304 2630 Τόπον
326 2563 437 2647 τρόπον
461 2586 494 2625 τε
518 2565 670 2649 κάρβανον
694 2564 754 2649 βόα
772 2565 881 2650 σέβων.

237 2649 363 2716 ’Όλοιτο
389 2651 465 2732 δῆτα
487 2654 618 2733 τρωῖκῆς
641 2650 780 2717 ἀπιστίας

138 2808 139 2813 1
200 2735 372 2819 Βλάστιρρα
397 2736 520 2817 μιαρὸν·
546 2732 581 2796 ἀν
605 2733 633 2795 δ)
657 2734 785 2817 ἀχαϊκδν
808 2734 901 2818 δόρυ

201 2822 350 2903 Γλώσσης
368 2818 485 2901 θερίζω
509 2820 629 2901 φοινίας
651 2818 757 2899 ἐναγὲς
777 2820 868 2903 κάρα,

201 2906 242 2969 Σὺ
267 2904 296 2967 δ’
324 2901 362 2967 αὖ
386 2899 480 2987 βιιγίης
502 2906 562 2970 σῶς
583 2903 613 2965 ἐν
637 2902 762 2966 εὐεστοῖ
780 2905 878 2988 φίλος.

201 2990 279 3055 Θεδν
305 2990 358 3073 μὲν
384 2989 459 3050 αἰτῶ
484 2990 539 3068 σῆς
561 2988 742 3069 ἀπαλλαγὴν
766 2988 870 3065 νόσου,

200 3075 340 3160 Πυρετοῦ
361 3095 393 3135 τε
417 3072 499 3154 λῆξιν
521 3074 572 3134 καὶ
594 3079 696 3134 κακῶν
721 3074 931 3159 ἀποστροφὴν,

194 3159 303 3329 λιιι
321 3158 360 3306 ἐξ
376 3155 857 3329 λιλνλιιλςυιιίκ

197 3328 318 3396 Ἀωτος
342 3327 434 3411 ἄκρος
456 3325 610 3407 εὐγενείας
632 3322 790 3411 Κελτικῆς.

221 3511 271 3568 51.
312 3510 489 3583 Ινιεοιίραιιο
513 3506 601 3584 Operi
622 3510 658 3563 de
675 3506 886 3563 Emendatione
908 3505 1085 3581 Temporum.

203 3588 243 3652 Σὲ
262 3592 313 3654 τὸν
336 3588 476 3652 παθόντα
498 3588 552 3656 τὰς
572 3588 796 3673 χρονογράφων
817 3584 936 3670 φθορὰς

205 3673 329 3758 ἔστησεν
351 3676 394 3742 εἰς
415 3676 448 3735 τδ
469 3674 595 3737 κάλλιον
618 3673 735 3757 χάρτης
758 3670 821 3732 όδε.

206 3758 239 3821 σδ
263 3760 294 3821 δ’
320 3761 349 3821 οἱ
370 3760 422 3825 δδς
445 3756 533 3825 αὖθις
552 3759 641 3840 αἰανῆ
663 3753 775 3841 χρόνον
797 3752 909 3839 Χρόνε.
