2884 4650
698 537 848 632 ‘73-

319 706 500 767 Castauidas
522 724 677 782 proceres,
701 707 808 766 Martis
829 705 937 764 rirmte
959 713 1109 782 potentes,

318 791 447 852 urselli
471 790 571 851 claros
591 790 711 864 studiis,
740 811 799 868 quo
821 799 955 867 tempore
976 792 1053 856 fines

318 877 435 955 Anglus
458 875 638 936 Santonicos
662 876 737 934 dura
761 876 875 935 ditione
894 876 1072 950 premebat?

319 962 423 1022 Testis
446 961 577 1020 Vultona
598 979 642 1033 es,
668 963 823 1037 refluaque
843 958 1013 1019 Carantone
1030 961 1167 1039 lympha,
1212 965 1220 982 ‘

320 1046 421 1107 Caede
444 1045 612 1107 Caledonia
633 1044 744 1105 vitreos
766 1047 877 1104 infecte
894 1045 1035 1119 liquores.

319 1131 400 1190 Hinc
420 1150 561 1208 sparsum
582 1148 678 1207 genus
701 1139 756 1190 est
777 1133 819 1190 At
840 1148 891 1188 eos
913 1148 1021 1206 cepere
1033 1133 1214 1210 propinquis

319 1217 457 1276 Pictonis
479 1216 552 1273 hinc'
567 1215 670 1288 tellus,
698 1215 768 1274 hinc
788 1216 879 1275 tellus
902 1214 1035 1275 Turonis
1056 1217 1129 1290 oris,

320 1302 451 1362 Turonis
473 1300 655 1374 armipotens
671 1298 826 1360 Celtarum
845 1301 944 1377 gentis
969 1301 1096 1375 ocellus,

319 1385 456 1465 Ingeniis
476 1384 607 1461 pollens,
628 1392 657 1442 et
676 1382 777 1444 divitis
800 1386 894 1444 ubere
918 1384 1035 1462 glebae.

319 1471 380 1530 Hic
400 1471 500 1547 prima
518 1470 646 1529 hausisti
669 1471 810 1547 genitalis
833 1470 951 1528 lumina
970 1471 1064 1544 caeli,

318 1556 391 1632 Qua
408 1563 548 1632 regnator
568 1573 666 1631 aquae
688 1574 798 1632 presso
819 1556 885 1614 duit
906 1556 1026 1632 agmine
1049 1555 1160 1632 Crosa,

319 1641 360 1700 Ilt
380 1640 486 1701 turrita
502 1640 585 1700 lavat
606 1639 716 1698 Posaei
736 1641 855 1699 moenia
875 1638 986 1699 Castri.
1006 1672 1009 1677 ·

319 1725 380 1787 Hic
402 1725 457 1784 tibi
476 1724 600 1784 faeliccs
623 1725 797 1784 cecinerunt
817 1727 919 1785 omina
937 1726 1064 1800 Parcae,

320 1810 360 1869 Et
382 1810 490 1871 melior
511 1811 615 1870 niveos
636 1812 774 1871 oneravit
794 1829 925 1888 purpura
944 1811 1040 1883 fusos,

319 1894 362 1955 Ut
384 1903 496 1971 quanto
517 1896 632 1972 patrias
654 1897 755 1972 patria
777 1898 852 1955 haec
874 1897 1081 1972 supereminet
1099 1897 1212 1971 almas,

321 1980 419 2039 Tanto
440 1990 473 2039 tu
494 1981 609 2042 meritis
635 1983 767 2041 anteires
791 1982 931 2040 omnibus
954 2000 1070 2042 omnes.

320 2066 402 2144 Ergo
424 2067 588 2126 lacessenti
616 2067 721 2141 primis
745 2067 897 2143 vagitibus
917 2085 1008 2125 auras

319 2150 434 2213 Infanti
455 2152 601 2230 ingenuos
621 2151 810 2210 instillavere
825 2149 958 2226 liquores

320 2234 543 2313 Castigatorum
564 2255 692 2309 morum,
716 2257 771 2312 pro
792 2236 870 2294 lacte
888 2236 1021 2312 tepenti,

321 2318 452 2383 Sanctae
472 2321 616 2394 nutrices,
640 2322 791 2384 Virtutum
815 2321 968 2380 exercitus
990 2320 1088 2380 omnis

321 2404 406 2465 Cana
424 2408 528 2480 Fides,
548 2407 694 2482 Fideique
717 2427 802 2466 soror
825 2405 1005 2466 Constantia
1026 2407 1119 2483 virgo,

320 2490 569 2568 Temperissquc,
594 2500 623 2549 et
641 2493 775 2553 iustitiae
798 2492 965 2550 Prudentia
986 2498 1099 2551 custos.

318 2575 395 2633 Inde
416 2577 599 2655 Magisteriis
623 2586 708 2637 aetas
730 2578 861 2635 formata
882 2577 1017 2635 Duarum

318 2661 447 2738 Accepit
466 2663 543 2721 tales
569 2663 680 2721 exculti
701 2663 835 2739 pectoris
858 2671 975 2733 auctus,

322 2745 421 2821 Quale
442 2747 503 2807 tuis
523 2748 611 2822 ipsae
633 2748 682 2805 lac
703 2747 878 2807 immulsere
898 2746 1030 2805 labellis.

320 2829 364 2890 Ut
385 2849 463 2906 quae
483 2832 538 2890 vix
559 2832 607 2891 fas
631 2841 678 2891 est
699 2834 832 2908 partitim
857 2832 978 2909 singula
997 2829 1148 2906 habere[‚]

319 2915 357 2973 In
373 2922 404 2973 te
426 2916 605 2973 coniunctim
624 2918 761 2990 fluerent,
784 2938 901 2993 unoque
921 2924 1046 2993 recepta

319 3000 450 3059 Pectore
472 3001 621 3061 virtutum*
635 3001 766 3078 collegia
784 3004 879 3061 mixta
901 3003 1025 3060 coirent.

320 3084 402 3147 Nam
424 3086 504 3162 quod
524 3084 631 3161 vulgus
651 3087 744 3159 iners,
765 3095 795 3145 et
819 3088 917 3146 adhuc
935 3086 1063 3146 rationis
1085 3104 1215 3163 egenum

320 3170 373 3235 Nil
397 3178 483 3249 putat
503 3188 573 3228 esse
595 3171 659 3227 fero
681 3170 801 3230 blandis
821 3191 889 3231 cum
910 3174 1009 3231 Marte
1029 3169 1187 3243 Camenis,

321 3255 369 3315 Tu
391 3276 458 3331 cum
480 3257 577 3315 Marte
598 3254 664 3313 fero
688 3258 871 3324 commercia
892 3258 1005 3317 blanda
1024 3274 1162 3315 sororum

320 3340 404 3399 Inter
426 3362 461 3403 se
481 3340 603 3419 placida
624 3342 888 3419 consanguinitate
909 3343 1032 3419 iugasti,

320 3426 487 3499 Musarum,
510 3428 555 3485 vir
577 3444 696 3502 magne,
720 3427 816 3504 prior,
842 3428 954 3486 belliue
976 3428 1136 3487 laborum-

321 3510 489 3585 Laudihus,
512 3512 700 3590 ambiguum:
725 3512 780 3569 sed
802 3520 883 3569 certe
904 3531 1033 3589 magnus
1055 3520 1195 3587 utroque.

320 3593 438 3654 Necte
460 3596 616 3657 Nobilitas
638 3604 742 3655 custos
765 3597 874 3655 erroris
898 3598 971 3656 aviti
1013 3626 1018 3634 ·

321 3680 431 3745 Traxit
449 3680 481 3739 iu
506 3683 691 3761 exemplum,
714 3682 793 3759 legis
815 3700 892 3755 quae
915 3683 1004 3742 vertit
1023 3683 1055 3739 iu
1076 3700 1165 3740 usum

320 3764 376 3827 Nil
399 3766 487 3839 scire,
515 3774 545 3823 et
566 3768 690 3827 rudibus
715 3766 918 3826 transmittere
937 3767 1068 3826 cultibus
1090 3784 1211 3825 aarum.
