2884 4650
608 523 666 584 157

174 687 338 773 Χείρωνος
358 687 460 755 ἕλκος.
481 683 631 758 Κίνδυνος
648 691 775 836 πμάέρας
794 671 885 755 σελίς.

175 769 358 839 Χελιδόνιον
384 775 529 855 μουσεῖα.
550 770 697 836 ΘύουσΗ
730 772 806 835 στία.

176 856 291 922 Χιαστὶ
314 857 437 920 τιλλιιν.
462 851 521 920 Τδν
544 858 614 941 περὶ
637 862 740 943 ψυχῆς
759 854 889 940 τρέχειν.

176 939 283 1026 Χορδν
307 940 429 1025 δίδωμι.
452 937 543 1088 Μίχα
565 943 592 1004 τί
612 941 725 1011 ἐσθλὸς
750 938 887 1022 ἄγγελος.

177 1025 339 1111 Ψάφωνος
361 1024 469 1109 ὄρνεις.
487 1024 499 1049 ''
526 1047 608 1108 γγιον
631 1029 750 1111 κνήμης
771 1023 856 1106 γύνυ.

178 1108 381 1193 Ψευδύπυρα.
402 1107 534 1193 Μύρμηξ
553 1111 573 1193 ἡ
592 1111 743 1197 κάμηλος.
764 1106 849 1171 Ἴσον
870 1106 939 1192 ἴσῳ.

179 1193 310 1279 Ψύραθε
332 1192 386 1257 τὰν
408 1192 549 1278 Σπάρταν
573 1193 667 1277 ἄγειν.
689 1193 754 1276 Κέγ
780 1215 831 1278 ρον
854 1197 978 1276 τρυπηῖς.

178 1275 284 1343 Ὦθεῖν
309 1278 471 1363 δικράνοις.
490 1278 578 1342 Ἀλλ’
604 1281 676 1342 ἰδὼν
699 1216 880 1361 ἐπείθύμην.

177 1361 231 1432 Ὡς
253 1364 320 1426 ἀντὶ
341 1363 466 1468 χορδῆς.
485 1359 725 1450 Ἐσκιμαλίχθαι
747 1385 781 1427 σε
804 1363 860 1426 δεῖ.

178 1445 232 1517 Ὡς
256 1447 288 1510 ἐν
314 1470 484 1532 κατοπτρῳ.
507 1445 610 1533 Μέχρι
631 1454 693 1512 τῶν
716 1446 915 1533 ἀμφωτίδων.

502 1533 562 1595 ἀπὸ
583 1556 599 1595 τ
619 1538 765 1618 οχαῖκῶν.

179 1611 221 1681 ‘A
241 1616 278 1678 δὲ
296 1618 366 1700 χεῖρ
387 1614 441 1677 τάν
461 1620 553 1700 χεῖρα
576 1621 660 1689 νιζει.
683 1618 737 1687 δύς
759 1640 797 1693 τι,
819 1615 873 1678 καί
892 1638 919 1677 τι
941 1614 1092 1699 λάμβανε.

179 1701 292 1766 Αίετδν
315 1696 442 1763 τίκτοντ’
464 1700 526 1782 ἐγώ
548 1724 583 1764 σε
603 1703 758 1785 κάνθαρος
780 1698 977 1785 μαιεύσομαι.

178 1784 280 1850 Ἀλλά
301 1783 335 1866 γ’
358 1787 401 1853 ὡς
419 1785 504 1868 ἥρως
525 1785 557 1848 ἐν
582 1786 687 1850 ἀσπίδι
708 1787 821 1857 Εενίσαι
844 1807 878 1846 σε
899 1783 1059 1872 βούλομαι.

178 1867 381 1954 Ἀμφιδέξιος
401 1867 458 1953 γὰρ
479 1869 556 1953 ἀνὴρ
578 1872 650 1954 είμλ,
669 1869 702 1934 κ’
727 1872 786 1956 υύχ
808 1870 984 1953 ἁμαρτάνω.

178 1952 286 2037 Ἀνδρὶ
307 1953 402 2038 Λυδιρῖ
419 1954 572 2037 πράγματ’
596 1954 653 2018 οὐκ
676 1954 723 2039 ἦν.
750 1959 765 2019 δ
791 1955 819 2016 δ’
837 1954 935 2016 ἀπιὼν
956 1951 1093 2035 ἐπρίατο.

178 2035 306 2105 Ἃπαλά
326 2037 608 2121 θερμολουσίαισιν,
629 2039 711 2124 ἁβρὰ
735 2035 980 2123 μαλθακευνίαις.

179 2121 358 2203 Ἀπονέμυυ
383 2145 435 2203 μοι
450 2127 504 2205 της
519 2124 646 2207 ἁμάξης.
668 2128 729 2187 τῶν
743 2124 771 2188 δ’
785 2122 865 2187 Ιύνων
878 2120 915 2185 ού
931 2143 984 2204 μοι
995 2118 1092 2202 μέλει.

180 2208 396 2293 Ἀρτιιύτατος,
420 2207 523 2290 ὥσπερ
547 2208 579 2270 ἐν
599 2213 663 2277 τοῖς
680 2209 850 2291 ὀργάνοισιν
874 2206 894 2287 ἡ
919 2206 1027 2288 μαχάς.

180 2291 345 2378 Ἀσφαλὴς
365 2291 422 2375 γάρ
445 2291 506 2355 ἐστ’
532 2293 677 2377 ἀμείνων,
700 2295 720 2379 ἢ
741 2292 837 2379 ταχύς
859 2290 1075 2374 στρατηλάτης.

177 2375 363 2460 Ἀξιύτερον
388 2376 542 2460 ταρίχους.
566 2376 651 2448 Βούς
671 2379 743 2443 ποτ’
767 2379 797 2442 ἐν
821 2377 934 2462 βοτάνη
960 2374 1043 2458 μένε.

179 2462 345 2529 Βάσκανος
366 2462 417 2523 καὶ
441 2462 591 2546 δυσμενὴς
610 2463 774 2548 ὀφθαλμός
797 2463 859 2525 ἐστι
882 2459 1037 2542 γειτόνων.

180 2546 255 2615 Βίυς
279 2545 331 2608 ύδ)
355 2544 524 2630 ίχθύων·ύ
550 2547 644 2630 μείων
667 2548 730 2611 ἐστι
752 2549 891 2631 μείζονος
910 2544 1020 2629 τροφή.

182 2629 335 2717 Βορβύρῳ
356 2630 455 2712 πηγὴν
475 2632 601 2713 μιαίνων
626 2630 742 2696 ούποθ>
764 2632 905 2716 εὑρήσεις
919 2629 1031 2706 ποτόν.

179 2716 205 2781 Γ
208 2718 335 2800 αυριιῖιν,
358 2716 400 2782 ὡς
421 2713 450 2777 εἰ
466 2716 596 2779 καθεῖλε
617 2718 670 2800 τὴν
693 2718 725 2780 ἐν
743 2715 852 2800 Ἀργει
871 2714 996 2779 ἀσπίδα.

181 2800 240 2865 Διά
263 2798 362 2883 μέσου
386 2800 437 2861 καὶ
459 2802 548 2905 λιμὸς
571 2802 663 2885 ἐκρεῖ,
690 2802 742 2864 καὶ
765 2800 886 2885 μάλιστ’
911 2798 1092 2863 ἀπόλλυται.

183 2887 283 2949 Δοῦλε
305 2884 463 2946 δεσποτῶν
487 2908 581 2949 ακουε
603 2889 655 2950 καὶ
677 2887 779 2969 δίκαια
801 2884 920 2971 κηῖδικα.

182 2967 257 3033 Εἴθε
281 2968 421 3053 φαύλως,
443 2970 546 3053 ὥσπερ
571 2969 667 3055 εύρες,
689 2971 824 3056 ἐκβάλης
844 2971 897 3054 τὴν
921 2968 1050 3033 ἔνθεσιν.

181 3052 231 3124 Ἐς
250 3055 341 3120 κυνὸς
360 3054 457 3136 πυγὴν
484 3054 627 3139 ύρᾷσθαι,
652 3058 704 3119 καὶ
725 3063 815 3163 τριῶν
837 3054 1018 3120 ἀλωπέκων.

177 3137 261 3203 Ἐστι
280 3142 341 3201 τῶν
364 3136 396 3199 ἐν
413 3142 457 3223 τηῖ
478 3142 611 3225 μετώπῳ
631 3146 703 3204 νούν
728 3164 810 3225 εχειν
834 3140 1004 3204 εἰωθότων.

177 3220 330 3308 Ἐσχατυς
349 3218 566 3304 Κροτωνιατᾶν
588 3230 703 3308 πρᾶτος
729 3224 826 3293 ἄλλοις
845 3222 1008 3288 Ἑλλάδος.

183 3307 315 3376 Εύτελὲς
333 3306 391 3390 γὰρ
415 3307 536 3371 δεῖπνον
561 3308 651 3373 οὐδὲν
673 3310 798 3391 ἐμποιεῖ
817 3308 986 3393 παροινίαν.

175 3391 219 3459 'H
240 3395 353 3475 λεοντη
376 3392 417 3474 μὴ
437 3392 584 3476 ’φίκηταη
613 3394 649 3457 σύ
674 3394 709 3457 δὲ
732 3392 905 3478 πρύσραπτ’
918 3392 1092 3472 ἀλωπεκῆν.

177 3476 219 3543 Ἢ
239 3480 362 3562 φρονεῖν
383 3474 526 3554 ἔλασσον,
547 3479 566 3561 ἢ
587 3482 691 3561 μεῖζον
717 3479 868 3541 δύνασθαι
892 3475 923 3538 σ’
946 3472 1070 3558 ἔπρεπε.

178 3561 235 3626 Ἦν
255 3563 290 3625 δὲ
312 3559 392 3644 κάμὲ
416 3564 611 3665 ζωπυρήσης,
630 3564 684 3646 τὴν
705 3562 781 3709 ἐχὴν
804 3561 838 3623 ύν
859 3560 1001 3666 λύσομαι.

178 3645 239 3717 Ἦν,
257 3646 354 3750 τύχης
377 3646 519 3722 δικαίων,
540 3653 624 3732 κρῖνε
643 3649 697 3731 τὴν
752 3646 866 3729 ριηνίην
892 3646 985 3729 δικην.

187 3730 299 3795 Θᾶττον
325 3752 360 3793 αν
381 3752 424 3798 τις
447 3730 477 3794 ἐν
500 3733 599 3818 πλοίῳ
619 3734 722 3795 πεσὼν
743 3730 874 3815 ἁμάρτοι
899 3736 953 3795 τοῦ
980 3731 1083 3801 ξύλου.
