2884 4650
505 751 634 830 Stropba
660 752 780 811 XIIII.

194 837 247 898 Ch.
288 841 398 897 Amore
420 840 580 898 tremisco:
602 839 693 898 vitulo
712 836 823 915 gaudio
846 854 950 912 vagus.

192 925 238 997 Io,
258 924 301 995 Io,
321 944 339 981 o
359 924 438 982 Fau-

193 1027 255 1081 -ne‚
281 1028 298 1066 ο
320 1028 450 1088 pervagc
473 1009 590 1068 Faune:

192 1092 349 1170 Cylleniae
369 1094 510 1170 speculae
523 1095 595 1172 iuga

191 1181 268 1256 Age,
287 1198 317 1251 o,
335 1179 480 1256 ninguida
501 1180 603 1254 linque
625 1198 763 1256 scrupea.
785 1180 868 1238 adsis

190 1263 290 1322 Derim
313 1263 511 1324 salisubsule:
533 1273 624 1341 atque
644 1274 747 1342 gestus

192 1347 381 1408 Gnossiacos
401 1369 456 1426 age

190 1435 321 1507 Mecum,
343 1434 551 1509 indocilesque
572 1436 650 1512 pede

155 1541 162 1562 0
191 1517 288 1591 Quate
311 1518 359 1575 hic
380 1520 517 1578 choreas.

189 1602 279 1661 Nunc
301 1603 374 1661 mihi
398 1605 533 1663 saltitare
555 1623 643 1662 curae
667 1610 722 1664 est.

189 1689 318 1746 Icarium
338 1688 436 1748 salum
464 1709 623 1767 superans,
646 1699 745 1749 trans·

191 1773 319 1832 marine
342 1773 419 1832 Dive
442 1775 564 1851 Apollo,

189 1861 322 1935 Apertus
346 1867 376 1916 et
397 1879 548 1936 apparens

189 1944 305 2003 Adesto
325 1944 499 2020 placabilis,
523 1955 613 2022 atque
633 1946 719 2003 felix.
901 1989 904 1992 .

476 2032 669 2106 Antistropba
694 2028 812 2088 XIIII.

187 2113 336 2172 Remotus
354 2116 434 2172 enim
460 2133 530 2173 acer
553 2117 590 2175 ab
609 2116 704 2174 oculis
718 2114 792 2172 mali
803 2113 897 2172 labor.

187 2199 298 2271 10,10‚
321 2218 400 2257 nunc
423 2221 441 2259 o
465 2219 544 2259 nunc

188 2284 341 2344 Accedere
364 2286 468 2364 Iuppi-

188 2378 259 2443 -ter,
282 2370 394 2443 fauste,
419 2371 548 2429 candida
568 2370 620 2427 lux
644 2371 714 2429 sivit

188 2454 273 2513 Citas
294 2457 473 2535 fluctivagas
497 2463 589 2528 rates,
610 2456 681 2529 quia
701 2457 781 2514 Aiax

186 2540 299 2599 Furore
323 2541 504 2616 levatus‚·et
524 2537 659 2598 Deorum

186 2626 273 2685 Iusta
294 2634 433 2701 operatus
455 2634 513 2699 est,

185 2711 227 2769 Et
251 2729 330 2768 nunc
351 2712 465 2788 pietate
488 2711 593 2770 colens

185 2795 245 2853 Pia
266 2797 406 2873 benigna.

188 2881 302 2940 Omnia
324 2889 444 2958 tempus
468 2900 536 2939 acre
561 2881 650 2938 delet.

184 2964 254 3024 Nec
275 2967 341 3024 fieri
361 2986 450 3026 omne
471 2984 576 3043 posse,
600 2966 771 3043 negandum
794 2976 849 3026 est.

184 3050 247 3112 Ubi
269 3051 336 3128 ipse
359 3052 517 3111 restitutus

184 3135 266 3194 Aiax
288 3136 373 3194 modo
393 3137 508 3195 Atridis
530 3136 576 3193 in·

184 3222 311 3298 -opinus
333 3229 381 3281 est
403 3240 441 3279 cx
462 3221 601 3299 graviore
624 3221 686 3280 lite.

182 3304 334 3365 Nunnius.
378 3306 443 3365 Hos
456 3308 596 3384 primurn,
611 3306 711 3380 amici,
728 3327 854 3386 vosego
872 3309 997 3367 edoctos
1011 3308 1099 3367 volo:

182 3391 307 3450 Recens
329 3392 366 3449 ab
392 3392 461 3451 altis
481 3392 600 3469 Mysiae
624 3392 744 3450 Teucer
765 3394 844 3470 iugis
1099 3402 1153 3455 720
1236 3435 1240 3440 -

181 3476 292 3535 Adest.
315 3477 343 3535 is
369 3485 468 3535 autern
490 3476 591 3535 media
612 3486 712 3536 castra
730 3495 893 3554 permeans

180 3561 304 3619 Petitur
322 3562 439 3621 acerbis
458 3564 591 3620 omniurn
612 3564 759 3640 Argivdm
780 3562 908 3638 probris.

180 3646 368 3704 Ventantern
389 3646 468 3705 enim
486 3647 572 3705 illum
595 3647 812 3707 sciscitabundi
832 3646 934 3723 procul

182 3729 471 3791 Circumsteterunt:
492 3733 561 3790 hinc
584 3742 615 3789 et
634 3734 704 3791 hinc
728 3732 875 3791 conviciis

181 3816 347 3889 Lacerant,
368 3817 533 3875 lacessunt.
556 3818 697 3888 nonfuit
719 3818 771 3893 qui
793 3838 855 3876 non
879 3836 946 3876 eum
1094 3830 1152 3883 ,πῇ
