2884 4650
324 664 510 725 Flaminibus
532 663 646 721 leniet
667 664 819 739 praesenti
841 662 965 722 numine
984 664 1104 723 adesse

325 833 365 891 44
421 832 541 891 Carruca
564 833 701 891 Burseni
719 832 818 890 Patris
834 833 941 890 Bromi
962 834 1136 892 Tricamiie.

272 975 275 987 ,
324 917 418 977 Liber
438 916 489 975 ted
507 924 572 989 or'o,
594 923 658 976 sate
677 917 814 988 fulmine,
834 917 974 995 corniger
992 917 1088 989 adsis,

324 1003 467 1074 Bessare,
488 1000 600 1059 Brume
620 1010 718 1079 pater,
738 1000 857 1060 celeber
877 1001 962 1060 Deus
983 1002 1193 1077 induperator,

325 1086 421 1161 Quem
443 1086 594 1145 oblectant
615 1105 717 1159 enses,
736 1086 863 1162 pilenta,
882 1105 1045 1162 sacraeque
1064 1088 1235 1163 ministrae,

323 1172 362 1231 In
383 1171 468 1230 coelo
489 1171 632 1245 titulans,
655 1172 776 1244 insane,
799 1172 973 1249 crepicrepe
993 1172 1119 1247 Brome,

324 1257 488 1316 Instinctor
506 1256 632 1330 furiose,
657 1256 808 1333 supremis
828 1275 939 1314 numen
964 1257 1108 1315 honorum

326 1342 492 1417 Terraique
512 1359 618 1399 sacrae
641 1341 821 1401 mortalibus
839 1341 1052 1412 inducclonis3

324 1427 418 1486 Adsis
442 1425 553 1503 gaudia
573 1426 654 1483 laete
675 1426 777 1485 ferens
799 1426 984 1486 sulisubsule
1005 1425 1074 1484 Die.

327 1596 369 1653 45
519 1594 637 1653 Velabri
656 1595 756 1653 Patria
777 1596 918 1671 suffimen,
937 1613 1054 1652 manaa

325 1677 490 1737 Velabrum
510 1698 639 1738 veneror
659 1688 800 1739 votorum
820 1681 875 1737 hoc
896 1697 1020 1737 munere
1041 1686 1169 1754 patrem,

324 1763 501 1836 Mustidum,
522 1772 552 1821 et
570 1764 731 1837 investem,
752 1764 873 1823 florenti
892 1772 1016 1840 pectore
1038 1762 1201 1823 Brumum:

325 1846 460 1907 Crinitae
481 1849 622 1922 Veneris,
643 1868 813 1924 numenque
833 1849 952 1906 illustre
972 1848 1117 1922 virerum,

326 1932 387 2008 Qui
406 1953 517 1992 numen
538 1934 624 1993 lucos
645 1934 757 1993 virides
769 1934 858 2011 ¹pede
878 1932 1059 2011 persultanti

324 2017 493 2096 Pervolgas
517 2037 583 2076 cum
605 2020 729 2079 vesanis
749 2015 873 2078 vesanu'
894 2019 1025 2077 virabus.

325 2100 407 2175 Quin
429 2112 459 2161 et
479 2104 609 2163 consilio
630 2104 713 2163 Iovis
737 2104 776 2161 ad
796 2102 1010 2179 Proserpinam
1029 2102 1172 2181 alumnus

327 2190 422 2248 Actus
445 2189 577 2261 crevisti,
598 2196 712 2248 tremor
733 2188 947 2247 immortalibu’
969 2187 1075 2258 Divis3

327 2270 377 2334 Sis
399 2273 484 2347 felix,
506 2280 536 2332 et
556 2281 654 2333 macte
673 2274 742 2335 fuas
765 2275 824 2332 hoc
841 2291 966 2333 munere
987 2290 1083 2332 sacro.

327 2443 367 2502 46
413 2443 584 2502 Columellas
594 2462 643 2501 aea
660 2445 822 2502 Telamonis
831 2443 1081 2518 Patrieausfimcu,
1092 2452 1234 2502 aromata

325 2528 423 2588 Elicio
445 2526 821 2601 Brumum'Golumellam,
844 2528 1044 2600 vitisatorem,
1178 2530 1181 2539 '

326 2608 455 2671 Aedibu'
476 2611 647 2685 Cadmesis,
670 2614 721 2688 qui
744 2614 855 2671 circum
874 2631 988 2688 perque
1006 2626 1137 2689 regatus

326 2694 427 2756 Subiit
446 2717 521 2757 onus
546 2706 728 2771 constanter,
756 2706 855 2756 terrae
876 2698 1016 2755 incendia
1034 2697 1177 2773 placans;

327 2779 404 2841 Cum
427 2801 505 2860 vaga
526 2783 707 2844 inundarent
727 2783 914 2840 flammarum
933 2782 1057 2840 flumina
1078 2791 1189 2843 terram

327 2865 512 2926 Turbinibus
534 2867 653 2942 calidis,
674 2869 724 2926 bic
746 2876 854 2926 cuncte
871 2867 990 2925 ruentia
1009 2867 1103 2926 fulsit.

327 2950 396 3010 Huc
417 2951 500 3010 adsis
522 2953 633 3011 mentis
650 2953 761 3012 ridenti
780 2953 891 3012 Brume
910 2952 1024 3028 lepore.

329 3121 368 3178 tt
525 3119 600 3178 Sabi
616 3121 715 3179 Putris
734 3123 874 3196 ausfianca,
893 3130 1034 3179 aromata.

327 3204 387 3264 Dic
410 3202 490 3264 Sabe
514 3205 715 3280 omnipotens,
737 3207 808 3264 audi
832 3205 976 3266 Saturnia
994 3204 1110 3281 proles,

328 3289 537 3366 QuiBrumum
544 3291 694 3348 Bacchum
707 3289 1238 3367 streperum,insubulum,iuseruisti

326 3375 363 3432 In
386 3374 509 3449 femore,
536 3384 570 3434 ut
590 3375 640 3450 qui
660 3375 801 3450 postidea
821 3384 956 3435 maturus
977 3374 1074 3432 adiret

326 3459 364 3518 In
383 3459 522 3519 Tmolum
543 3468 690 3534 sanctum,
714 3461 765 3519 ubi
785 3460 918 3518 habebat
934 3460 1061 3536 Equiria
1082 3460 1215 3537 polcbra.

327 3541 428 3616 Quare
448 3567 466 3605 o
486 3546 556 3606 Rex
579 3545 718 3624 Frugias,
739 3563 896 3622 procerum
917 3545 996 3604 coeli
1012 3544 1221 3622 induperator,

327 3627 410 3688 Mitis
433 3631 518 3703 edes,
539 3631 725 3692 antistitibus
745 3629 856 3690 solatia
877 3638 1053 3706 praestans:

214 4160 448 4494 ff
509 3930 890 4500 ln
