2884 4650
697 645 849 653 ——-

322 727 463 796 coetibus
482 719 610 786 inseruit
631 726 742 803 pistas,
764 726 908 802 caeloque
929 728 1082 789 fruuntur:

321 813 411 872 Hunc
432 828 564 884 summos
586 812 725 872 meritum
748 812 866 873 virtutis
889 813 1008 872 nomine
1030 816 1131 878 fasces

321 899 404 957 Inter
424 898 590 959 honoratos
610 897 748 956 adminat
770 895 862 955 (luris
882 897 1001 958 Patres.

320 983 444 1042 Iuridici
464 990 565 1042 coetus
588 983 714 1042 secretis
738 982 855 1040 actibus
875 982 965 1055 adsit,

321 1069 358 1127 Iu
376 1068 476 1126 medio
497 1067 589 1124 faeiat
610 1067 758 1126 facundus
779 1067 872 1127 verba
891 1065 1014 1128 Senatu.

320 1152 424 1213 Nullis
446 1151 594 1220 occulitur
613 1151 708 1210 virtus
731 1163 883 1228 generosa
902 1153 1048 1225 tenebris,

322 1237 527 1314 conspicuum
548 1235 689 1308 fundens,
711 1236 831 1296 Pharos
851 1243 885 1294 'ut
906 1235 1053 1310 Nilotica,
1074 1238 1188 1301 lumen.

320 1322 388 1382 Nec
409 1321 575 1393 Puteanus,
602 1339 690 1397 opem
712 1339 803 1396 quum
824 1319 911 1395 lapsa
932 1323 1056 1398 negotia
1073 1331 1234 1399 quaerent,

321 1408 480 1486 Ignoratus
502 1405 573 1475 mitt
599 1405 698 1465 dubiis
721 1424 791 1464 nam
811 1405 947 1481 protinus
972 1406 1057 1464 illum

321 1492 426 1560 Rebus
446 1491 617 1564 Aquitanae
635 1490 736 1567 gentis
759 1490 798 1548 ad
817 1490 883 1548 iura
905 1501 1078 1567 reposcent:

322 1575 420 1650 Quum
441 1574 515 1657 lecti
532 1574 677 1634 Proceres
703 1574 980 1651 augustimembra
1001 1575 1133 1638 Senatus

321 1661 423 1720 Exciti
439 1659 572 1719 lacrimis
584 1660 831 1734 uafflictorumque
851 1659 981 1733 querelis

321 1746 499 1822 Incorrupta
517 1744 631 1810 dabunt
651 1762 801 1820 oppresso
823 1744 889 1801 iura
908 1743 1091 1819 Garumnae,

322 1830 426 1891 Mollia
446 1836 638 1907 praestantes
658 1830 774 1891 securis
795 1828 856 1886 otia
878 1829 976 1888 terris.
1046 1879 1048 1884 .

321 1920 381 1976 Ast
401 1909 595 1992 bcs‘pacatis
616 1921 790 1990 repetentes
804 1913 904 1990 patria
923 1914 1014 1974 rebus

322 2000 569 2060 Moenia‘feralis
591 2006 758 2076 tempestas
781 1998 876 2057 civica
896 1997 970 2059 belli

321 2085 473 2163 Excipiet.
496 2083 626 2158 Quantis
648 2084 777 2143 iactatos
797 2082 1017 2160 illa.procellis

322 2172 440 2230 Heroas
463 2187 597 2229 summos
620 2169 705 2227 uaria
726 2170 757 2228 in
779 2167 954 2228 discrimina
974 2167 1080 2240 mittet,

323 2255 458 2330 Quorum
477 2272 548 2331 pars
568 2253 724 2313 Puteanus
745 2252 822 2312 erit?
844 2250 922 2326 Quid
944 2261 1063 2312 caetera
1082 2271 1177 2330 porro

323 2340 512 2418 Persequar?
533 2347 584 2398 aut
597 2340 699 2417 potius
719 2358 772 2397 cur
792 2339 870 2396 facto
891 2340 951 2398 fine
974 2339 1114 2413 quiesco?

323 2426 417 2485 Plura
435 2426 534 2484 Deam
554 2443 723 2486 memorare
744 2423 869 2505 (etenim
892 2443 1058 2483 memorare
1079 2422 1211 2501 libabat)

323 2512 364 2570 Et
383 2511 481 2583 dolor,
504 2519 534 2569 et
555 2510 639 2569 taciti
656 2510 751 2586 vetuit
770 2526 856 2568 mens
878 2510 999 2569 conscia
1020 2509 1085 2567 fati.
1188 2538 1190 2543 ,
1235 2540 1238 2547 ·

323 2597 606 2671 nequaquaquam
613 2596 751 2657 meritum
759 2594 1233 2672 grande,etreverentiamcrum,

324 2682 421 2756 Atque
443 2680 500 2737 uiri
519 2681 614 2739 virtus
635 2681 693 2739 huc
711 2681 882 2757 perduxere
901 2687 1069 2751 canentem,

323 2764 386 2825 Hei
405 2763 491 2836 mihi,
511 2784 601 2838 quum
623 2766 760 2827 morbum
783 2782 982 2841 supremaque
1004 2764 1104 2843 cogito
1127 2763 1202 2837 fata,

324 2849 387 2914 Hei
406 2848 497 2918 mihi3
517 2848 658 2908 deficiunt
676 2850 766 2909 vires.
793 2848 860 2907 Nec
880 2849 968 2926 plura
988 2849 1086 2915 locuta

324 2935 527 3010 Melpomene,
547 2933 742 3009 lacrimisque
760 2952 854 3010 genas
878 2934 1002 3011 oppleta
1021 2941 1172 2999 tumentes

324 3019 446 3090 Haesit,
472 3025 502 3076 et
524 3016 613 3076 effusi
635 3018 784 3077 contraxit
805 3018 874 3077 vela
893 3019 1018 3080 doloris.

327 3106 512 3184 Cupressum
533 3102 631 3161 onnes
654 3102 761 3161 iterum
784 3122 840 3178 pro
862 3104 977 3181 virgine
999 3105 1097 3173 lauru,

325 3192 386 3251 Pro
405 3188 494 3248 laetis
512 3186 628 3245 humeri
648 3188 800 3248 velamina
818 3188 918 3247 tristia
941 3194 1071 3248 sumunt.

369 3274 435 3348 Quo
453 3292 512 3346 me,
532 3271 623 3343 Diva,
645 3273 730 3349 gravi
751 3272 923 3349 perfossum
945 3281 1070 3349 pectora
1092 3288 1165 3331 cura

326 3359 467 3433 Deseris,
488 3356 702 3431 mfandamque
725 3357 812 3437 iubes
833 3378 980 3419 renovare
1001 3358 1130 3428 ruinam,

328 3442 386 3504 cui
406 3463 463 3521 par
484 3463 546 3503 nun
567 3442 683 3501 fueram
703 3440 841 3509 flendae?
862 3440 942 3515 Quid
960 3443 1085 3505 fulmine
1106 3446 1190 3501 tanto

326 3528 460 3607 Dignum
483 3528 662 3605 concipiam,
685 3526 734 3585 cui
756 3525 953 3603 singultantia
971 3530 1064 3587 verba

327 3614 388 3689 Vix
406 3612 504 3671 medio
520 3613 634 3690 gemitu
654 3630 714 3672 uox
738 3611 904 3688 intercepta
927 3612 1098 3673 ministrat?

327 3699 469 3777 Ignosce,
492 3715 510 3754 ο
530 3699 626 3757 nostri
646 3698 731 3758 sidus
749 3696 941 3755 memorabile
964 3698 1048 3771 secli,

330 3782 364 3846 Si
379 3803 433 3863 pro
452 3781 646 3857 carminibus,
663 3790 837 3843 nuncarum
857 3800 1011 3843 mmmura
1030 3798 1149 3853 vocum,
