2884 4650
733 561 881 657 ἐξ*

397 729 431 790 Si
451 737 582 788 mentem
606 728 729 805 capiunt
752 731 806 788 illa
823 731 871 789 vel
893 731 947 789 illa
968 741 1058 788 tuam.

352 815 451 887 Felix,
472 814 524 891 qui
542 814 650 872 faciles
672 814 806 875 traducis
827 824 947 890 pectore
967 834 1072 886 curas3

397 899 528 976 Otiaque
548 901 579 957 in
601 907 706 957 tenera
728 908 834 959 sancta
854 900 955 976 quiete
976 901 1059 959 colis.

354 985 476 1043 Vivacis
499 985 547 1041 cui
566 984 648 1041 dona
667 984 834 1043 indelibata
858 994 999 1044 senectae

396 1068 530 1146 Spondet
547 1069 698 1127 inoffenso
720 1077 817 1128 tracta
836 1080 939 1127 tenore
959 1070 1052 1128 salus.

354 1156 451 1232 Quem
472 1174 533 1213 nou
557 1153 620 1209 ulla
640 1154 719 1212 malo
742 1154 829 1212 labes
851 1155 978 1212 tentavit
999 1163 1098 1227 acuto,

396 1239 470 1297 Non
489 1237 552 1295 ulla
574 1238 688 1296 afflavit
707 1239 754 1297 vis
774 1238 898 1296 inimica
918 1239 1000 1296 mali.

273 1391 275 1396 y
354 1329 394 1385 At
416 1323 490 1381 mihi
509 1331 687 1399 perpetuum
710 1324 899 1382 mordacibus
922 1324 1016 1381 anxia
1034 1325 1126 1396 curis,

395 1408 464 1466 Nec
487 1409 554 1465 sine
577 1407 707 1466 sollicito
727 1409 844 1465 ducitur
867 1409 943 1467 hora
965 1417 1061 1467 metu:

355 1493 453 1568 Quem
474 1499 608 1550 monstro
627 1504 775 1569 prognata
794 1493 872 1565 lues,
897 1512 973 1568 quae
992 1493 1088 1552 limite
1110 1503 1194 1554 certo

398 1575 534 1649 Quatuor
556 1576 685 1636 alternos
709 1578 791 1653 itque
813 1578 948 1651 reditque
971 1578 1047 1651 dies,

357 1662 497 1734 Obsides,
521 1669 551 1718 et
570 1663 662 1720 tacita
679 1663 842 1738 populatur
856 1671 950 1737 ‘peste
970 1663 1129 1720 medullas.

398 1747 459 1806 Hei
481 1747 565 1818 mihi,
589 1748 667 1821 quod
685 1747 836 1821 loquimur
857 1749 951 1804 verba
970 1748 1085 1806 minora
1103 1748 1200 1808 malo!

356 1831 423 1890 Nec
444 1841 572 1920 possunt
592 1831 670 1909 elegi
690 1832 768 1890 vivis
792 1832 962 1908 proponere
981 1840 1100 1908 pestem

399 1916 557 1978 Sensibus.
581 1917 742 1994 altiloquae
763 1935 813 1975 res
837 1926 902 1974 erat
923 1917 984 1975 ista
1000 1917 1096 1993 lyrae.

357 2001 408 2063 Sic
429 2021 477 2060 me
496 2002 563 2059 iniit
580 2003 703 2074 victrix3
728 2003 773 2061 sic
793 2021 843 2059 me
861 2001 1001 2077 spoliavit
1024 2003 1187 2062 inermem:

399 2086 450 2161 Sic
474 2087 510 2144 de
533 2106 580 2143 me
603 2088 694 2146 celsis
715 2088 777 2144 alta
791 2087 958 2163 triumphat
978 2088 1074 2161 equis.

356 2172 423 2232 Nec
444 2172 517 2228 mihi
538 2171 691 2229 sufiiciunt
711 2181 829 2230 veteres
848 2170 881 2228 in
903 2190 1024 2246 corpore
1047 2173 1146 2231 vires:
1225 2208 1231 2220 κ

399 2256 467 2314 Nec
488 2274 544 2332 pes
566 2274 673 2314 munus
697 2257 770 2329 obit,
793 2274 849 2312 nec
870 2274 978 2315 manus
999 2257 1063 2314 ulla
1083 2275 1181 2315 suum.

358 2342 420 2404 Sed
442 2360 518 2414 snm,
542 2342 620 2415 quod
639 2342 738 2401 ventis
760 2342 850 2399 debet
868 2341 999 2400 ludibria
1017 2344 1150 2419 pondus3

397 2428 437 2486 Et
459 2426 537 2501 quod
560 2446 637 2487 onus
659 2427 766 2502 primis
789 2427 911 2485 flatibus
934 2446 1008 2485 aura
1028 2428 1120 2485 levat.

357 2514 407 2570 Me
430 2532 493 2570 non
513 2512 577 2568 ulla
598 2513 681 2571 iuvat
702 2512 838 2572 Cerealis
863 2512 962 2589 gratia
981 2513 1096 2582 foetus3

400 2596 534 2656 Gnossia
555 2616 611 2655 nec
632 2599 744 2657 veteris
769 2608 856 2675 grata
876 2598 975 2656 saliva
994 2598 1080 2655 meri.

360 2682 471 2743 Omnia
493 2681 675 2741 Cerbereum
692 2684 810 2760 spirant
830 2681 904 2739 mihi
924 2682 1019 2741 noxia
1040 2683 1139 2751 virus3

403 2767 514 2826 Omnia
534 2776 603 2825 sunt
624 2768 669 2826 ori
690 2768 762 2825 trita
780 2785 899 2825 venena
916 2785 995 2825 meo.

359 2852 439 2926 Quid
456 2851 559 2908 ieiuna
581 2852 685 2926 loquar
707 2851 794 2909 diluti
814 2852 916 2908 taedia
937 2851 1066 2928 gustus?

402 2926 523 3010 Oraque
544 2956 604 2993 non
625 2954 756 3009 unquam
780 2937 863 2993 sicca
881 2937 997 3012 liquore
1021 2934 1096 2994 suo?

360 3021 439 3097 Quid
457 3022 621 3078 matutinae
640 3021 764 3080 fastidia
783 3020 866 3079 lenta
890 3020 1024 3079 salivae?

380 3130 383 3137 ·
402 3106 552 3165 Hostibus
574 3106 693 3163 eveniat
715 3108 755 3163 ah
778 3124 870 3180 sapor
890 3106 941 3163 ille
958 3106 1051 3163 meisi
1081 3172 1084 3178 ⁴

360 3192 440 3267 Quid
475 3191 658 3249 stomachum
691 3210 816 3250 exesum
852 3190 1057 3263 stomachique
1091 3190 1254 3249 inamabile
1341 3228 1342 3275 p

996 3306 1003 3317 ·
1038 3276 1185 3345 murmuri

403 3361 443 3418 Et
461 3378 612 3434 nunquam
635 3360 674 3416 ad
695 3361 825 3436 gemitus
844 3368 969 3435 pectora
993 3367 1076 3417 muta
1098 3361 1196 3419 suos?
1340 3365 1341 3372 ’

362 3443 437 3504 (ium
458 3446 579 3523 gravior
598 3444 692 3503 fundo
715 3445 840 3503 veniens
862 3452 1022 3503 exaestuat
1037 3444 1098 3501 imo
1340 3411 1341 3470 l

405 3528 548 3606 Spiritus,
571 3540 600 3588 et
621 3530 725 3588 fauces
747 3531 841 3589 tussis
864 3530 975 3587 anhela
993 3529 1097 3604 quatit.

363 3614 442 3689 Quid
462 3623 609 3673 nocturna
629 3614 728 3675 modis
747 3616 900 3673 insomnia
920 3615 1039 3672 turbida
1057 3612 1164 3671 miris?
1339 3569 1340 3662 l

405 3694 547 3775 Quasque
571 3702 645 3759 mihi
664 3700 794 3759 intentat
817 3700 924 3759 mortis
945 3701 1045 3776 imago
1066 3697 1187 3756 minas?

363 3785 379 3842 Ι
400 3803 489 3858 nunc,
512 3804 619 3859 meque
639 3787 709 3845 iube
731 3788 886 3845 Musarum
906 3802 1086 3862 expromere
1108 3783 1221 3853 foetus,
