2884 4650
581 520 733 616 Α.

198 731 203 739 .
233 678 278 742 Ὦ
299 680 372 753 πόσι
394 682 529 765 ἐκμήνας
552 684 666 766 τούμὸν
695 684 787 769 ἔρωτι
806 685 891 768 κέαρ.
1145 744 1147 752 ,

198 763 266 830 Νῦν
288 765 348 828 δ’ὃ
367 765 475 834 θέλεις
562 767 636 851 ἄνερ
657 767 797 850 insopor.
820 771 884 832 ἀντὶ
904 771 1060 856 δάμαρτος
1079 769 1130 850 δ’,

241 848 319 913 Aius
341 850 453 919 θέλεις.
479 851 515 913 σὺ
540 851 570 912 δ’
594 853 677 920 ὅλως
698 852 762 916 ἴσθι
781 876 832 936 μοι
854 855 919 916 ἀντὶ
940 855 1017 940 βίου.

495 1059 615 1178 uuor
638 1101 818 1180 trouu
908 1151 909 1158 a

539 1273 565 1327 1.
598 1270 782 1347 Superstitio.

199 1355 367 1429 Postquam
389 1355 515 1414 suborta
534 1356 691 1421 criminum
714 1356 840 1416 licentia

201 1439 362 1498 Labeiecit
382 1440 481 1497 almae
501 1441 644 1500 Veritatis
667 1433 800 1513 moe'nia,

200 1524 286 1599 Quae
306 1543 419 1583 numen
437 1525 539 1601 ipsum
561 1526 697 1586 condidit
716 1527 809 1586 verbo
834 1544 904 1588 suo:

200 1610 309 1668 Palam
326 1609 493 1686 imperatus
516 1619 547 1669 et
567 1620 705 1686 receptus
727 1611 863 1688 legibus*

199 1697 358 1773 Augustus
383 1713 477 1768 error,
500 1705 666 1772 sanctaque
686 1696 859 1773 ignorantia

200 1780 341 1839 Defensa
360 1780 508 1856 paulatim
530 1781 736 1857 impudentiae
755 1781 891 1854 ausibus,

83 1931 92 1938 ,
199 1865 267 1926 Usu
287 1872 419 1942 tyranno
440 1874 529 1924 nacta
550 1867 610 1925 vim
632 1864 777 1925 scientiae

201 1950 371 2011 Hominum
385 1951 517 2026 supinas
538 1950 740 2010 conscientias
764 1950 839 2026 ligat

200 2037 319 2096 Vocum
342 2035 495 2108 numellis,
519 2037 657 2095 cassibus
677 2035 908 2112 sophismatum.
991 2075 993 2081 ,

200 2121 358 2180 Iniuriosa
379 2119 487 2179 deinde
507 2122 610 2197 pietas
629 2121 660 2178 in
679 2120 790 2190 Deum,

200 2207 301 2282 Quem
320 2205 428 2263 metuit
445 2208 582 2279 horrens,
601 2214 632 2264 at
651 2205 813 2281 profanans
833 2223 922 2281 quem
945 2203 1028 2262 colit:

201 2291 291 2365 Tum,
314 2309 393 2368 quae
413 2290 562 2369 imperitis
583 2291 648 2352 sola
668 2291 840 2352 velamenta
861 2296 941 2363 sunt,

199 2378 285 2437 Falsi
306 2384 454 2450 vetustas,
475 2378 694 2452 atque·culpae
712 2376 890 2447 auctoritas,

199 2462 430 2522 Lenocinantur
451 2462 561 2520 mentis
584 2481 694 2540 aegrae
718 2462 854 2532 somniis,

199 2548 323 2607 Etiam
344 2547 467 2606 labante
489 2547 607 2624 pariete
629 2547 777 2605 inclinant
799 2545 907 2623 magis,

200 2632 322 2694 Stultae
343 2629 463 2691 Suadae
484 2632 644 2709 splendide
664 2632 761 2689 fallax
787 2650 881 2704 amor,

200 2718 298 2778 Vanis
320 2718 352 2775 in
373 2716 482 2777 animis
504 2718 555 2792 qui
571 2717 833 2793 cuniculos‘agit,

200 2803 245 2863 Ut
265 2802 411 2862 Veritatis
429 2803 555 2862 subruat
576 2802 790 2874 constantiam,

202 2888 282 2946 Tum
302 2887 419 2947 fortuiti
441 2889 513 2945 ficta
534 2888 679 2947 maiestas
700 2887 791 2960 sacri,

199 2972 315 3031 Fraudi
336 2973 475 3032 colorem
493 2974 691 3031 castimoniae
710 2972 842 3031 illinunt.

199 3058 258 3117 Est
280 3076 404 3134 semper
424 3058 540 3133 aliquid
558 3059 640 3133 quod
660 3058 754 3116 refert
773 3057 923 3116 mendacii

199 3141 238 3201 In
259 3143 429 3201 claritatem
452 3143 543 3202 dubia
563 3143 724 3203 stultorum
740 3143 832 3201 tides.

473 3313 503 3371 2.
542 3313 634 3371 Amor
649 3314 844 3371 monachatus.

203 3394 239 3459 Si
259 3397 381 3455 laudem
404 3398 436 3454 in
458 3398 560 3456 animo
584 3399 694 3457 statuis
716 3416 787 3457 esse
810 3396 985 3467 maximam,

202 3480 328 3542 Servire
348 3482 467 3558 patriae
488 3483 678 3559 publicisque
699 3482 880 3551 commodis,

203 3565 276 3627 Sive
302 3568 335 3625 in
356 3565 481 3641 Senatu,
506 3569 623 3627 sivein
645 3568 715 3626 aula
736 3565 891 3642 Principis

203 3651 249 3710 Te
271 3653 335 3711 vita
357 3670 479 3729 semper
496 3662 623 3713 actuosa
644 3651 790 3723 exercuit,

200 3734 297 3797 Domi
316 3739 449 3813 beatum,
470 3738 639 3817 gloriosum
659 3736 794 3815 publice:
