2884 4650
749 528 901 623 „qr—

412 696 590 770 Plurimum,
619 706 650 756 et
670 699 834 758 immanem
853 697 1018 776 perniciem
1039 702 1197 772 oppetere,-

371 780 464 843 Solus
488 783 568 859 apud
590 783 716 860 Libyas,
739 784 787 848 vel
807 792 905 842 tostos
927 783 1044 841 solibus
1067 781 1161 840 Indos

413 868 578 927 Occurram
600 869 691 928 fulvis
716 869 807 928 obvia
826 868 942 945 praeda
961 867 1045 924 feris.

369 951 456 1010 Haec
477 954 591 1013 ecfatus
614 954 677 1026 nbi,
698 953 788 1013 laeva
810 954 848 1010 de
867 962 953 1029 parte
973 951 1114 1011 secundis

412 1038 544 1097 Alitibus
566 1038 705 1096 dextrum
729 1039 858 1097 sternuit
879 1057 970 1097 omen
992 1042 1093 1094 Amor.

272 1125 274 1132 '
359 1125 427 1181 nst
446 1125 541 1183 Acme
564 1131 655 1199 caput
678 1124 848 1195 inflectens,
867 1123 1015 1199 puerique
1036 1121 1193 1179 lacessens

410 1208 504 1266 Ebria
524 1208 685 1284 purpureis
708 1209 823 1266 lumina
842 1207 1001 1279 suaviolis,

370 1291 432 1366 Sic,
454 1293 561 1367 inquit,
584 1310 654 1350 mea
675 1292 748 1365 vita,
769 1311 855 1350 meus
876 1293 970 1367 lepor,
989 1291 1060 1349 huic
1077 1290 1196 1348 domino
1219 1290 1286 1361 uni,

300 1440 302 1449 ,
412 1377 494 1436 Huic
517 1377 619 1435 devoti
639 1379 722 1436 cmni
740 1387 877 1454 tempore
894 1377 1001 1448 simus,
1022 1375 1078 1433 ait:

369 1463 411 1523 Ut
432 1461 507 1519 mihi
528 1481 607 1520 nunc
630 1463 725 1520 maior
747 1462 866 1520 molleis
889 1470 937 1520 est
956 1462 1078 1518 flamma
1099 1457 1263 1530 medullas,

411 1547 521 1606 Acrior
544 1553 574 1605 et
592 1548 681 1605 misto
704 1548 805 1624 gliscit
827 1565 930 1622 amore,
949 1548 1044 1604 furor.

369 1632 436 1691 Hoc
458 1639 619 1708 postquam
641 1632 740 1690 ecfata
762 1640 818 1704 est,
841 1633 931 1690 laeva
949 1632 987 1690 de
1010 1638 1097 1707 parte
1118 1629 1262 1687 secundis

412 1717 543 1775 Alitibus
565 1716 704 1775 dextrum
727 1718 855 1776 sternuit
875 1737 963 1774 omen
982 1719 1087 1774 Amor.

369 1801 461 1860 Nunc
482 1803 562 1860 bono
585 1804 623 1861 ab
647 1803 804 1878 auspicio,
827 1802 937 1861 faustis
960 1802 1126 1874 avibusque
1145 1799 1285 1876 profecti,

411 1888 563 1946 Mentibus
586 1888 739 1949 unanimis
762 1896 866 1945 mutua
885 1895 1035 1957 amantur,
1056 1892 1168 1942 amant.
1249 1909 1254 1916 ¹

369 1971 470 2032 Unam
493 1971 658 2050 Septimius
677 1993 757 2030 nunc
777 1973 892 2031 mavult
914 1973 1035 2031 saucius
1055 1973 1183 2040 Acmen,

413 2059 512 2133 Quam
536 2056 653 2134 Syrias,
676 2069 729 2116 aut
745 2077 825 2132 quae
847 2077 941 2135 regna
962 2057 1128 2114 Britannus
1148 2056 1250 2113 habet.

369 2142 437 2204 Uno
459 2144 490 2200 in
510 2140 657 2218 Septimio
678 2144 748 2201 totis
766 2161 846 2200 nnnc
866 2143 1008 2201 sensibus
1032 2143 1125 2198 Acme

410 2227 536 2286 Perdita
560 2227 724 2303 conspirat,
748 2227 934 2304 deliciasque
957 2226 1040 2284 facit

371 2312 447 2388 Quis
468 2332 526 2389 par
547 2311 703 2372 candidius
727 2320 898 2371 tenerorum
919 2311 994 2370 vidit
1017 2309 1191 2369 amantum?

412 2400 473 2456 Aut
492 2398 551 2456 fuit
569 2398 704 2475 auspicio
724 2418 803 2474 quae
822 2399 950 2457 meliore
971 2396 1102 2455 Venus?

397 2572 427 2625 ὅ.
476 2568 582 2627 Catulli
604 2568 712 2627 Passer
730 2579 857 2627 mortuus
880 2568 927 2643 [3]
947 2568 1077 2625 similiter
1099 2584 1258 2624 conuersus.

369 2652 503 2729 Lugcte,
529 2674 546 2711 0
568 2662 712 2727 quantum
738 2662 785 2712 est
805 2654 958 2711 Veneram
981 2660 1070 2725 atque
1090 2648 1284 2726 Cupidinum,

1046 2744 1198 2793 amantum

411 2823 510 2893 Atque
537 2830 735 2879 venustorum
756 2821 898 2898 quicquid
920 2821 1031 2895 ubique
1051 2820 1204 2878 hominum
1224 2829 1283 2894 est,

370 2904 497 2981 Lugete.
536 2905 594 2963 Ille
615 2914 701 2963 mese
722 2906 869 2980 lususque
890 2913 921 2963 et
943 2924 1016 2962 cura
1037 2905 1167 2981 puellae,

411 2990 460 3049 Ah
482 2989 574 3062 dolor,
598 2990 650 3047 ille
675 3009 762 3047 meae
784 2990 923 3047 delicium
946 2990 1099 3048 Dominae

370 3074 485 3134 Passer
507 3082 644 3133 mortuus
668 3083 729 3145 est;
754 3094 844 3151 quem
867 3076 946 3135 serio
967 3083 1121 3132 amaverat
1145 3075 1200 3132 illa

412 3160 487 3219 Plus
508 3179 597 3235 quam
620 3179 669 3232 se,
691 3160 762 3235 plus
786 3180 875 3236 quam
898 3162 990 3218 vitam
1015 3161 1182 3236 oculosque
1201 3180 1282 3220 suos.

369 3245 509 3321 Namque
534 3252 598 3306 erat
619 3252 649 3302 et
666 3245 810 3318 mellitus,
832 3254 862 3303 et
872 3246 973 3322 ipsam
989 3246 1139 3323 cognitam
1153 3247 1284 3305 habebat

412 3331 490 3388 Tam
512 3330 600 3403 bene,
619 3348 708 3406 quam
732 3339 858 3389 matrem
877 3339 981 3389 nostra
998 3331 1101 3407 puella
1123 3350 1220 3405 suam,

369 3416 408 3475 Et
432 3416 663 3487 circumsiliens,
685 3416 786 3473 utine
811 3435 829 3473 a
848 3417 961 3493 gremio
977 3416 1063 3475 'illius
1089 3434 1222 3491 unquam

413 3499 550 3571 (lederet,
573 3501 612 3559 sd
633 3500 732 3559 solam
753 3501 926 3577 pipilitabat
947 3502 1060 3559 heram.

368 3589 410 3644 At
431 3606 511 3643 nunc
532 3587 556 3643 it
572 3607 632 3664 ,per
653 3587 710 3644 iter
732 3586 850 3662 nigrum
873 3588 976 3657 miser,
1001 3587 1041 3644 ah
1064 3587 1168 3658 miser,
1188 3588 1251 3645 illic

411 3670 500 3731 Unde
520 3690 650 3746 unquam
667 3672 809 3730 reducem
830 3690 917 3728 nemo
938 3672 1047 3747 pedem
1068 3672 1177 3729 tetulit.

369 3757 418 3815 Ah
439 3755 527 3815 vobis
550 3757 629 3815 male
651 3758 701 3830 sit,
729 3756 809 3815 male
831 3775 909 3832 quae
932 3756 1035 3814 omnia
1055 3757 1137 3815 bella
1155 3760 1279 3832 voratis,
