2884 4650
564 558 712 653 ffl-

186 725 263 785 Nam
285 726 356 802 quid
376 727 443 804 agis
462 727 562 785 Aiaxi’
585 729 644 786 hcu
665 729 784 800 ubios,
804 728 871 786 nli?
891 731 993 789 occidi.

186 813 231 871 ΑΞ.
272 811 421 870 Teucrum
446 830 530 870 voco.
550 813 672 871 ubinam
689 813 827 872 Teucer?
847 812 998 873 assiduon’
1011 817 1092 876 volet

185 897 316 956 Ductare
337 896 492 973 praedas?
512 906 560 955 ast
583 917 640 975 ego
663 899 779 958 intereo
797 899 899 958 miser.

186 981 238 1042 Oh.
281 981 385 1041 Homo
407 990 454 1041 est
471 982 552 1058 apud
574 1001 619 1056 se,
641 991 674 1040 ut
696 984 805 1043 sentio.
829 985 943 1060 aperite
962 1003 1071 1064 ocyus:

184 1067 381 1126 Reverebitur
404 1066 546 1126 fortassis
569 1069 686 1144 aspecti
706 1070 776 1127 mai.
1091 1074 1143 1128 ³45

185 1152 257 1210 Teo.
296 1154 471 1229 Aperimus‚
494 1169 573 1210 ecce.
593 1151 754 1212 Caeterum
774 1154 845 1212 licet
864 1154 920 1212 tibi

184 1237 323 1296 Hominis
344 1238 422 1295 tucri
442 1245 539 1314 gesta,
564 1244 593 1294 et
615 1239 751 1298 eiusdem
768 1247 889 1299 statum.

530 1319 660 1399 Stropbo
688 1326 739 1384 VI.

184 1408 231 1466 Ai.
278 1405 408 1466 Sodales
432 1406 523 1464 maris
548 1410 690 1486 remiges,

183 1491 281 1551 Amici
302 1491 384 1550 unici
407 1492 551 1564 omnium,
574 1502 604 1550 et

183 1578 342 1652 Aequitatc
361 1584 476 1636 stantes
498 1576 562 1652 pia:

182 1662 290 1721 Videte
310 1681 358 1720 me
379 1681 458 1734 esse,
481 1661 579 1736 qualis
601 1672 647 1724 est

183 1747 243 1807 Ubi
265 1745 372 1805 recens
393 1749 430 1805 ab
451 1747 585 1806 aestibus

182 1832 305 1891 Fluctus
322 1833 420 1890 adhuc
441 1841 585 1893 movetur.

184 1916 237 1977 ch.
281 1918 349 1976 Vah
369 1934 457 1992 qnam
478 1916 633 1974 evidenter
655 1935 729 1974 vera
747 1923 874 1975 testatus
897 1917 987 1975 modo
1006 1936 1051 1991 es,

184 2002 274 2078 Quod
293 2003 508 2079 comprobatur
529 2002 604 2059 satis
626 2001 765 2060 inornato
788 2002 846 2061 hoc
863 2009 952 2060 stetu.
1091 2003 1143 2057 355

504 2086 696 2162 Antiotropba
725 2087 778 2146 VI.

181 2174 230 2232 Αἰ.
272 2171 382 2243 Amici,
403 2170 550 2228 marinum
574 2190 681 2248 genus,

181 2257 241 2317 Rei
263 2257 403 2320 nauticae
426 2256 536 2329 sciens,

180 2344 267 2402 Bene
287 2343 428 2401 inhibens
451 2342 525 2399 ratis
545 2340 717 2417 palmulasz

180 2429 273 2488 Modo
292 2428 385 2500 unici,
405 2426 497 2485 modo
517 2426 597 2485 unici

181 2513 283 2591 Super
303 2513 345 2571 mi
365 2513 441 2571 estis
464 2512 602 2582 adiuvas,
625 2529 676 2570 oc-

181 2599 302 2661 -ciditcr
325 2598 401 2655 ferte
423 2616 511 2673 opem
532 2598 582 2654 mi.

209 2686 238 2743 h.
282 2684 371 2742 Bona
390 2684 496 2741 verba:
515 2702 554 2739 ne
573 2680 685 2738 malum
707 2680 877 2739 resarciens
897 2681 987 2753 malo,

90 2762 95 2775 ’
179 2770 296 2828 Maiora
319 2768 399 2826 tristi
418 2767 529 2825 damna
547 2768 664 2824 iactura
684 2766 780 2824 effice.

492 2852 521 2910 2.
543 2851 672 2928 Stropba
694 2852 780 2909 IIII.

178 2938 230 2997 Ai.
272 2938 338 3015 Ego
360 2936 413 2994 ille
435 2954 514 3008 acer,
534 2937 586 2994 ille
607 2936 707 3008 tortis,
729 2936 814 2994 ferox

113 3072 118 3081 .
177 3023 297 3095 Duelli,
317 3030 406 3097 atque
427 3021 535 3098 praelii
555 3021 718 3079 interritus.

177 3108 334 3167 Pecudum
355 3109 386 3163 in
408 3106 561 3164 imbecille
580 3106 685 3184 volgus
707 3126 774 3164 ruo.

176 3194 280 3253 Pudet
302 3191 455 3250 cachinni:
481 3191 676 3249 contumeliae
696 3192 799 3268 pudet.

177 3280 255 3338 Tec.
299 3277 385 3336 Haec
404 3276 585 3349 verbosari,
607 3277 738 3349 domine,
761 3274 993 3351 compendiface.

176 3365 230 3424 Αἱ.
269 3362 400 3423 Excedc.
424 3361 549 3421 cessas?
567 3362 579 3419 i
601 3362 733 3421 dierecta
751 3362 846 3421 iores.

175 3450 231 3509 He
256 3450 324 3507 heu.
348 3448 385 3505 he
401 3447 475 3505 heu!
909 3493 912 3500 .

177 3533 237 3595 Ch.
279 3533 414 3605 Desiste,
436 3533 551 3605 amabo,
575 3552 631 3608 per
649 3531 746 3590 Deos.
767 3529 807 3587 ad
824 3536 855 3585 te
875 3526 949 3584 redi.

518 3618 546 3675 3.
570 3616 699 3693 Stropbo
723 3614 757 3674 V.

173 3704 230 3765 Αἱ.
275 3701 347 3761 Heu
366 3720 415 3759 me
439 3701 596 3761 miserum!
616 3721 706 3759 manu

173 3788 325 3850 Remisse
345 3806 393 3845 me
414 3787 471 3845 hos
495 3804 695 3857 saccrrnmos‚
