2884 4650
750 554 812 613 311

255 725 307 778 800
325 723 398 782 Teo.
448 723 540 782 Perii.
564 724 633 799 quis
652 724 698 781 illi
719 725 795 782 haec
813 723 926 782 iudicat
945 723 1141 782 mortalium?

322 807 422 867 Nunc.
441 809 595 867 'Thestore
614 816 733 868 creatus
755 818 824 868 vate
846 817 943 882 vates,
967 809 1026 867 hoc
1046 809 1107 882 die,

324 895 393 970 Quo
416 902 497 952 certa
521 893 569 950 vel
592 894 619 950 ei
639 894 712 968 vita,
736 895 786 952 vel
805 913 886 953 mors
908 894 1032 971 expetit.

323 979 395 1038 Tec.
443 978 514 1038 Heu
536 980 772 1052 casum,.amici,
790 980 966 1056 praevenite
986 981 1172 1057 praecipem.

323 1065 400 1124 Pars
421 1064 473 1137 ite,
494 1064 643 1122 Teucrum
664 1073 828 1123 convocate
851 1066 908 1122 huc
930 1083 1034 1140 ocyus.

254 1149 305 1206 805
321 1150 400 1208 Pars
423 1149 609 1222 Occidentis,
632 1169 704 1226 pars
728 1158 759 1208 ct
779 1150 914 1210 Orientis
935 1150 1056 1227 plagam

322 1235 475 1308 Lustrate,
498 1254 557 1309 quo
581 1253 615 1292 se
634 1253 751 1310 cunque
770 1235 921 1311 proripuit
941 1235 1030 1294 maie.

321 1321 388 1378 iam
412 1319 510 1378 sentio
533 1318 603 1376 olim
625 1339 672 1378 me
692 1339 711 1377 0
731 1321 797 1379 viro
818 1320 954 1378 delinier.

322 1406 445 1482 Ingrata
465 1405 525 1461 iam
549 1413 628 1478 sunt,
650 1423 728 1482 quae
749 1405 880 1483 benigne
901 1405 1038 1463 fecimus.

323 1490 403 1563 Heu,
423 1497 524 1566 gnate,
546 1489 617 1564 quid
640 1491 749 1568 agam?
770 1511 833 1549 non
855 1491 936 1548 enim
955 1509 1057 1547 morae
1076 1489 1176 1548 locus.

255 1577 307 1630 810
325 1574 447 1634 Certum
470 1583 517 1632 000
539 1582 568 1632 00
589 1576 633 1633 ire
655 1595 715 1651 qua
733 1584 818 1652 pote,
847 1585 877 1633 et
898 1583 1042 1651 quantum
1066 1582 1150 1652 pote.

321 1661 446 1732 Eamus,
471 1659 676 1738 accingamur:
706 1661 788 1718 ha'ud
809 1668 930 1719 cessato
952 1680 1042 1737 opus,
1227 1659 1229 1665 ’

323 1743 452 1804 Servare
475 1745 615 1805 volumus
640 1747 666 1805 si
687 1746 783 1804 virum
806 1753 920 1804 certum
941 1746 1025 1803 mori.

322 1828 376 1888 Ch.
421 1829 551 1889 Paratus
572 1831 617 1888 ire
639 1850 695 1888 nec
712 1831 840 1906 ¹quidem
859 1838 974 1889 tantum
997 1849 1149 1903 cresum,

323 1913 384 1976 Sed
405 1916 506 1991 operis
530 1916 636 1990 aderit,
656 1923 686 1974 et
705 1916 815 1992 pedum
837 1917 1038 1993 properantia.

646 2085 748 2147 Actus
767 2086 910 2153 eunus.

253 2179 304 2234 815
321 2170 370 2228 Αἰ.
416 2167 482 2229 Stat
506 2169 601 2226 culter
622 2170 675 2228 illa
696 2180 794 2248 parte,
819 2179 897 2248 quae
920 2172 960 2231 sit
978 2187 1118 2229 maxume

323 2257 430 2327 Acuta,
453 2255 479 2312 si
502 2255 548 2311 eui
572 2256 740 2332 experirier
761 2266 857 2314 vacat.

322 2342 432 2399 Munus
455 2340 575 2414 quidem
591 2340 644 2400 ille
667 2343 741 2400 olim
763 2343 906 2401 Hectoris
926 2342 1022 2399 virum
1046 2340 1184 2399 omnium

321 2426 362 2483 Et
381 2424 513 2482 omnium
540 2425 614 2483 mihi
634 2428 790 2504 hospitum
811 2426 1010 2486 invisissumi.

321 2510 358 2567 In
379 2510 500 2569 Troade
524 2518 623 2569 autem
644 2522 752 2590 pactus
775 2522 822 2572 est
845 2521 927 2571 terra
944 2511 1079 2593 hostica:

254 2593 379 2661 800001
402 2597 478 2653 bene
501 2605 625 2655 cruenta
647 2606 714 2657 0000
734 2617 860 2657 acumen
880 2597 1029 2656 redditum
1051 2601 1114 2654 est:

322 2679 391 2737 Fixi
409 2681 487 2739 bene
506 2681 603 2755 illum,
623 2691 652 2741 et
672 2684 819 2761 apparari
839 2682 954 2741 sedulo.

322 2764 380 2821 Vel
402 2772 434 2821 ut
456 2768 621 2841 properiter
640 2788 699 2827 non
720 2770 794 2827 mihi
813 2768 948 2826 invideat
970 2765 1060 2838 mori,

322 2848 452 2908 Provisa
474 2851 561 2909 nobis
584 2852 645 2911 ista
666 2864 738 2912 sunt
758 2856 789 2912 in
809 2853 955 2912 caeteris:

323 2934 371 2993 Tu
393 2933 519 3009 primus,
543 2944 573 2992 et
593 2938 652 3011 fas,
676 2940 784 2998 adiuva
805 2959 865 3012 me,
887 2936 1032 3013 Iuppiter.

253 3029 304 3085 805
321 3019 382 3078 Fac
403 3019 607 3094 impetrassim
627 3042 736 3083 munus
760 3026 819 3083 hoc
841 3044 860 3081 0
882 3031 913 3081 00
934 3024 1035 3080 breve.

321 3106 443 3163 Existat
463 3104 572 3179 aliquis
594 3109 739 3169 nuncius:
764 3110 906 3188 quicquid
927 3106 1000 3165 mali
1022 3113 1070 3166 000

321 3190 438 3248 Teucro
458 3190 630 3264 eloquatur:
651 3202 785 3267 moneat,
806 3203 838 3253 00
858 3213 907 3251 me
927 3191 1039 3251 isthinc
1058 3192 1152 3249 humo

322 3274 420 3351 Super
439 3283 560 3334 cruento
580 3278 639 3336 hoc
661 3298 735 3338 ense
757 3279 935 3355 prociduum
955 3276 1070 3335 efferat.

320 3358 369 3417 Ne
395 3362 601 3438 deprehensus
624 3363 673 3420 hic
695 3365 733 3422 ab
755 3364 886 3423 inimicis
910 3362 994 3440 prius

251 3454 303 3509 830
319 3442 475 3519 Proiiciar,
500 3454 530 3504 00
550 3449 665 3526 praeda
688 3450 795 3509 avibus
818 3458 848 3507 et
870 3450 995 3507 canibus
1020 3446 1112 3503 00000.

321 3526 407 3586 Ηο00
431 3541 545 3606 sancte,
571 3554 721 3593 venerans
744 3542 773 3591 00
793 3554 878 3612 rogo:
901 3546 992 3610 atque
1004 3533 1084 3589 idem
1099 3530 1237 3602 obsecro,

321 3611 464 3687 Deponat
484 3625 517 3673 00
536 3620 637 3692 quiete
656 3640 705 3677 me
727 3619 955 3695 placidissuma,

320 3697 488 3773 Postquam
512 3720 585 3761 ense
604 3706 736 3781 primum
755 3705 811 3762 hoc
829 3700 1068 3779 transadegerim
1089 3698 1184 3773 10000,

321 3784 422 3841 Primo
444 3785 556 3859 pedatu
577 3788 684 3847 dextra
706 3790 847 3848 Mercurii
867 3788 966 3847 inseri.
