2884 4650
330 724 489 786 Gallorum
510 729 627 788 furiens
650 727 770 790 animos
793 730 931 789 civilibus
954 730 1009 789 iris

329 810 430 888 Impia
448 813 623 889 Tisiphone.
644 815 753 874 Flebat
773 815 934 874 Provincia
953 815 1032 888 sola,

329 895 422 955 Nuda
443 907 567 977 regente
588 918 652 962 suo.
676 901 789 977 qualis,
808 900 1026 960 bacchantibus
1050 901 1153 974 Euris,

328 982 484 1043 Fluctibus
506 985 537 1042 in
555 985 664 1065 mediis
687 987 802 1044 amisso
825 987 934 1062 cymba
955 986 1114 1063 magistro.

331 1066 447 1126 Cuncta
468 1071 666 1128 coruscabant
684 1070 804 1146 trepida
821 1070 980 1128 formidine
1002 1071 1117 1144 mortis,

329 1151 455 1212 Pictone
475 1153 501 1212 si
524 1154 650 1230 sonipes
669 1156 807 1213 flammas
828 1155 975 1214 miscente
995 1156 1135 1229 cucurrit,

329 1238 388 1296 Vel
410 1237 529 1314 quoties
551 1239 635 1297 acies
655 1239 747 1316 longe
769 1240 949 1317 comparuit.
972 1239 1078 1299 Hostis

329 1323 428 1382 Extra
449 1323 555 1380 urbem
578 1325 759 1382 manifestus
783 1335 856 1397 erat,
878 1332 1039 1401 suspectus
1061 1325 1093 1382 in
1115 1327 1202 1386 urbe.

329 1407 430 1483 thue
451 1406 670 1484 Therapnaeos
691 1410 813 1481 iratres,
837 1409 973 1487 optabile
995 1410 1090 1483 aidus,

328 1492 453 1552 Auxilio
475 1493 638 1569 implorant
660 1495 801 1569 deprensi
823 1495 942 1552 turbine
962 1492 1099 1557 Nauae:

330 1575 382 1637 Sic
404 1584 433 1635 te
455 1579 611 1654 suspirant
633 1579 726 1638 fessis
747 1579 856 1638 solatia
875 1580 966 1638 rebus

329 1661 475 1719 Laturum
496 1664 591 1722 cives.
610 1663 719 1738 Neque
743 1672 802 1737 sat,
823 1676 853 1722 te
873 1681 1004 1741 poscere
1023 1665 1115 1725 rotis.

328 1746 473 1806 Pasceris
498 1755 528 1805 et
550 1749 701 1825 precibus.
728 1748 873 1808 Precibus
894 1748 963 1808 Rex
982 1750 1101 1808 anuuit:
1121 1759 1153 1808 et
1172 1769 1246 1809 mox

330 1832 462 1908 Optatus
483 1833 594 1892 Rector
613 1853 713 1892 rerum
737 1834 875 1893 succedis
899 1834 1037 1891 habenis.

328 1916 404 1994 Ipsa
422 1917 542 1992 quidem
566 1919 654 1978 viridi
678 1919 835 1977 iuvenales
856 1919 957 1976 indole
982 1918 1082 1977 vultus

328 2003 444 2061 Mutato
468 2003 545 2061 felix
564 2005 684 2063 novitas
708 2003 915 2062 moderamine
936 2003 1077 2080 sumpsit

329 2091 370 2147 At
389 2087 444 2146 tibi
464 2089 549 2147 nulla
571 2090 667 2163 quies,
691 2108 748 2147 nec
766 2089 877 2147 blando
898 2089 1015 2146 lumina
1034 2107 1144 2147 somno

307 2173 492 2231 ·Dccliuare
508 2174 604 2231 datur.
628 2172 749 2232 Coniux
771 2193 789 2230 a
811 2183 912 2231 mente
933 2181 1051 2231 remota

327 2258 452 2332 Exulat,
473 2267 502 2315 et
524 2258 639 2332 dulces,
661 2259 820 2317 carissima
841 2259 977 2332 nomina,
997 2254 1068 2316 nati.

328 2344 457 2402 Publica
478 2345 615 2420 privatos
637 2345 764 2403 affectus
789 2362 862 2402 cura
883 2344 1013 2421 repellit.
1045 2392 1049 2400 ,

328 2427 416 2488 Unus
440 2448 533 2502 amor,
555 2429 670 2487 nullum
691 2431 807 2505 patriae
829 2448 1021 2506 praeponere
1043 2447 1191 2503 amorem,

328 2511 396 2572 Nec
418 2533 474 2573 sua
492 2515 641 2572 communi
660 2516 827 2574 subducere
849 2516 984 2572 membra
1004 2513 1119 2572 ruinae.

328 2598 431 2657 Unum
448 2599 505 2658 hoc
516 2601 702 2676 propositum
717 2609 777 2659 est:
800 2601 850 2657 hic
864 2600 957 2657 menti
967 2600 1114 2657 terminus
1127 2599 1244 2658 haeret.

329 2682 391 2740 Vix
411 2684 565 2744 admissus
586 2704 652 2745 eras
670 2685 806 2763 trepidae
828 2685 867 2743 ad
887 2684 1096 2743 moderamina
1113 2692 1225 2757 terrae,

329 2768 479 2845 Frugibus
502 2770 630 2829 infestas
651 2771 809 2847 populator
828 2770 916 2828 Picto
937 2770 1098 2828 cohortes·

329 2852 456 2911 Parcius
480 2853 613 2912 immittit
631 2857 762 2931 campis:
785 2874 893 2930 neque,
918 2863 1036 2911 utente
1059 2853 1187 2927 solebat,

330 2936 531 3014 Cornipedum
554 2939 667 2997 crebris
693 2940 860 2999 assultibus
883 2958 957 2999 arva
977 2938 1096 3017 fatigat,

330 3020 500 3100 Sparsurus
522 3023 641 3099 pavidis
660 3023 803 3083 incendia
827 3025 893 3082 dira
914 3024 1038 3083 colonis.

328 3109 369 3167 Et
390 3108 449 3181 vel,
476 3107 502 3165 si
524 3126 584 3183 qua
605 3109 690 3167 foras
715 3110 842 3167 audacia
863 3110 1011 3186 provehit,
1032 3108 1115 3167 hosti

329 3192 519 3270 improvisus
543 3191 640 3265 adest,
663 3193 711 3252 vel
734 3196 772 3252 ab
794 3196 876 3253 omui
898 3203 985 3271 parte
1007 3193 1158 3251 timendus

331 3276 512 3338 Castauides
536 3279 648 3337 absens
670 3280 781 3338 animis
803 3288 965 3356 suspectus
983 3279 1132 3350 inhaeret,

329 3352 543 3441 increpuitque
562 3371 685 3435 metum,
710 3365 779 3423 sola
801 3364 963 3423 formidine
985 3364 1089 3422 victor.

329 3446 414 3520 Quae
435 3448 608 3525 Gardampa
628 3455 695 3506 tuas
717 3457 900 3525 praetexunt
920 3450 1035 3526 oppida
1053 3449 1150 3525 ripas,

328 3532 368 3590 Et
389 3552 466 3608 quae
490 3532 584 3594 Crosa
605 3543 684 3606 tuas,
708 3535 839 3593 dominis
863 3535 977 3592 servire
998 3540 1105 3594 coacta

329 3615 492 3691 Hostibus,
515 3619 620 3679 hostili
642 3637 721 3676 nunc
742 3628 813 3677 sunt
830 3627 990 3695 praetenta
1009 3618 1115 3677 furori.

329 3701 396 3761 Nec
415 3711 487 3762 vota
507 3705 666 3781 agricolae,
688 3723 745 3763 nec
765 3722 838 3781 spes
856 3704 1010 3781 intercipit
1029 3704 1101 3762 anni

329 3789 387 3848 Vel
402 3788 497 3847 libata
519 3786 623 3863 Ceres,
645 3790 695 3847 vel
715 3791 850 3849 abactus·
865 3788 959 3847 cultor
981 3788 1081 3866 agelli.
