2884 4650
581 560 732 656 —20—3—

244 724 347 787 οὐκέτι
371 724 501 808 ἱλαμένη
521 730 620 807 γεῖτον
643 724 778 807 ἐσήλαθ’
805 725 888 808 ὕδωρ

200 810 307 893 πείρην
329 809 539 891 δειμαίνουσα.
563 810 601 873 τό
621 809 650 873 δ’
676 811 773 872 ὕδατα
795 832 842 893 μιν
865 810 1037 893 κατέλεγξε.

244 894 363 978 στίλβει
385 893 442 976 γὰρ
465 896 516 957 καὶ
539 894 597 977 όλη
619 894 734 979 κῦμασι
756 894 959 978 κρυπτομένη.

201 977 291 1061 λείρι’
314 978 346 1039 ἐν
369 978 506 1047 ὑαλινοῖς
525 980 708 1062 διακρίνεται
724 978 843 1061 ἄγγεσιν
867 978 959 1054 οὕτω,

242 1062 433 1144 κρύσταλλος
453 1086 486 1126 τε
508 1063 614 1125 λαθεῖν
637 1064 693 1126 οῦκ
716 1064 774 1146 ἐοὶιγ
794 1063 831 1125 τὰ
853 1056 941 1146 ῥόδα.

202 1146 304 1214 εἰσδὺς
324 1147 384 1229 ἐγὼ
407 1148 441 1209 τὸ
463 1149 588 1231 λοετρδν
609 1148 811 1230 ἀναινομένην
835 1147 976 1231 ἐφιλησα.

244 1236 298 1293 τοῦ
321 1232 356 1293 δὲ
377 1230 472 1294 πλέον
494 1235 609 1317 τολμᾷν
633 1229 713 1317 εἶρξε
737 1233 859 1315 διαυγὲς
882 1232 975 1315 ὕδωρ.

204 1404 289 1475 1,62.
311 1398 463 1484 Σώφρων,
487 1400 561 1464 οῦδὲ
577 1403 675 1465 πάλαι
689 1404 814 1484 σεμναῖς
829 1400 955 1464 εἴκουσα
970 1400 1116 1487 Σαβίναις

244 1485 383 1569 Λαιβίνη,
406 1490 559 1568 στρυφνοῦ
581 1485 610 1547 τ’
634 1488 745 1570 ἀνδρὸς
768 1485 978 1570 ἀτεγκτοτέρη,

202 1569 577 1721 “”χ”θόθέἕθλόθ
593 1569 921 1718 ἰθθῖθὲἷῑλθ““’

202 1677 293 1821 Εεέόέβι
308 1675 400 1820 ἔρότμι
422 1738 516 1820 δοὶμη,
539 1738 589 1807 τόν
612 1740 641 1801 τ’
665 1738 761 1823 ἄνδρα
781 1678 925 1812 λιῦοῦησά,
946 1738 1007 1824 νέῳ
1028 1737 1081 1821 μὲν

244 1822 366 1898 ἕσπετο,
390 1820 555 1906 Πηνελόπη
576 1821 607 1885 δ’
632 1823 739 1908 ἦλθεν,
758 1823 876 1905 ἀπῆλθ’
894 1820 1018 1905 Ἑλένη.

205 1993 310 2065 12,52.
335 1988 486 2072 στέμμασι
506 1988 639 2073 Πιερίοις
662 1990 785 2059 εἰωθὼς
801 1994 896 2073 κρᾶτα
916 1992 1071 2066 πυκοίζειν,

241 2077 261 2157 ἡ
282 2074 429 2142 πελάταις
448 2076 566 2157 γνωστὴ
589 2077 715 2157 γλῶσσα
739 2074 950 2157 διιυκομένοις,

202 2162 303 2226 κεῖνος
323 2159 338 2221 ό
358 2155 573 2243 σδτῬοῦφος,
597 2159 793 2242 Σεμπρωνία,
817 2159 928 2221 ἐνθάδε
949 2163 1055 2235 κεῖται,

245 2242 281 2306 οῦ
302 2243 543 2390 καλπυρΙσοῦται
562 2246 696 2330 λείψανα
721 2248 785 2307 σεῖο
809 2243 909 2329 πόθῳ.

200 2329 327 2413 τερπνὸς
347 2328 404 2390 ἐν’
439 2329 536 2414 λυσίιμ
555 2331 653 2415 πεδίῳ
675 2329 866 2415 θρυλλισμδς
888 2329 1021 2396 ἀκούεις.

245 2417 300 2474 σοῦ
320 2435 353 2475 τε
373 2415 449 2494 πρὸς
471 2414 630 2497 ἁρπαγμὸν
654 2412 804 2497 Τυνδαρὶς
828 2414 991 2496 ἐξεπλάγη.

201 2497 312 2560 νόστου
338 2497 364 2558 δ’
390 2497 546 2581 ἐμνήσθης
570 2500 604 2562 σθ
627 2501 678 2562 τὸν
703 2501 883 2582 ἁρπακτῆρα
904 2501 1045 2561 λιποῦσα.

246 2584 265 2665 ἡ
291 2581 322 2644 δ’
345 2581 404 2665 οῦχ
425 2582 534 2644 ἕσπετο
557 2607 605 2663 μιν
626 2583 731 2667 τάνδρὶ
757 2581 998 2667 μετερχομένω·

198 2663 352 2733 Ἰλιακοῦς
372 2665 491 2747 γελόων
516 2668 576 2730 ἀΐει
597 2666 760 2736 Μενέλαος
783 2666 910 2750 ἔρωτας.

244 2753 295 2815 τὸν
318 2750 416 2834 <pr-{²
443 2751 596 2815 ἀθωώσαι
618 2752 647 2814 δ’
673 2753 795 2836 ἁρπαγὴ
822 2751 964 2834 ὑμετέρη.

202 2835 271 2899 ἀλλ’
298 2835 387 2899 ὁπότ’
411 2835 566 2920 εὐσεβέων
587 2838 622 2899 σὲ
647 2837 803 2906 δεδέξεται
827 2836 920 2910 οἶκος,
950 2835 1071 2903 ἁπάσας

245 2919 369 3003 μέλλεις
390 2919 443 2988 τὰς
466 2921 567 3005 ψυχὰς
588 2923 669 2984 κεῖθι
691 2923 939 3006 παρευδοκιμεῖν.

202 3003 384 3089 Περσεφόνη
405 3005 563 3086 πεφιληκ’,
586 3006 642 3069 οὐκ
665 3007 811 3089 ἀλλοτρῖη
835 3029 894 3090 σφε
915 3004 1083 3090 βλέπουσα,

218 3115 223 3122 ·
245 3089 411 3173 ἁρπακτός.
434 3089 483 3153 ὅδ’
506 3088 586 3173 ἔρως
606 3093 655 3154 σοὶ
677 3092 807 3175 φιλίωσε
826 3091 911 3154 θεάν.

204 3257 433 3336 14,175.τίπτε,
443 3257 525 3321 θεῶν
535 3258 985 3344 βασιλεῦ,Δανοὶησ’ἐπρᾶΕατο
994 3241 1114 3338 μισθόν,

245 3347 298 3426 τῆς
319 3343 433 3426 Λήδας,
456 3340 529 3419 Ζεῦ,
557 3344 605 3406 σοὶ
630 3350 742 3429 προῖκα
764 3341 970 3429 χαριζομένης
978 3364 987 3415 ;

204 3517 253 3588 14,
267 3516 335 3576 180.
361 3515 492 3597 ὤφελες,
511 3512 673 3575 ἀθανάτων
687 3512 831 3595 γενέτωρ,
854 3509 885 3577 ἐς
898 3513 1010 3593 ταῦρον
1029 3509 1113 3592 ἀμεῖ-

244 3597 394 3699 τῗηςβοῦς
414 3598 456 3665 εἰς
476 3600 549 3682 βοῦν
573 3600 624 3662 σοι’
643 3599 713 3660 ποτ’
739 3592 955 3680 ἀμειβομένης.
1011 3594 1114 3679 [φθαι,

205 3769 336 3843 14,187.
358 3767 415 3851 ἥδε
436 3765 582 3850 νεηνιέων
600 3764 755 3849 πρωτίστη
783 3761 903 3833 ἔπαιξεν
928 3760 1069 3847 ἔρωτας.γ
