2884 4650
627 539 687 600 tat

204 708 267 766 Aut
287 723 353 764 cum
374 706 413 766 iis
440 706 556 767 doloris
577 709 665 786 paria
687 709 790 766 munia
808 710 937 785 exequi?

206 789 260 851 (lh.
302 791 391 866 Quod
412 769 592 869 duplicatul,
611 794 709 852 mains
732 801 790 865 est,
812 795 930 868 mulier,
948 797 1069 856 malum.

205 876 277 934 Teo.
317 876 422 935 Morbo
442 895 591 952 caremus,
614 887 644 937 et
662 879 835 938 laboramus
853 887 964 939 tamen.

205 960 261 1022 Oh.
308 959 388 1034 Quid
410 961 507 1022 diois?
526 964 602 1021 haec
622 983 670 1022 me
692 964 784 1023 dictio
806 964 935 1023 incertat
954 966 1061 1044 magis.
1115 979 1167 1034 uto

205 1047 279 1105 Teo.
320 1046 376 1104 Vir
397 1046 451 1104 ille
471 1049 579 1108 morbo
603 1063 670 1106 cum
693 1057 847 1108 teneretur
866 1050 963 1128 gravi,
1032 1084 1036 1092 ·

207 1131 348 1192 Gestibat
368 1132 447 1208 ipse,
469 1152 528 1207 qua
548 1135 751 1209 premebatur,
769 1134 830 1207 lue,

210 1218 353 1295 Angebat
374 1225 404 1275 et
425 1236 483 1277 nos
504 1218 614 1278 mentis
636 1220 733 1295 impos
756 1221 950 1297 compotes[.]

205 1302 374 1377 Postquam
396 1302 522 1376 resedit,
545 1322 581 1360 ac
602 1304 716 1380 recepit
737 1324 772 1363 se
793 1324 813 1362 a
833 1306 932 1365 malo:

157 1387 160 1392 ’
203 1388 244 1446 Et
266 1388 365 1447 maior
385 1388 470 1445 illum
491 1388 600 1446 mentis
620 1398 742 1448 exercet
758 1390 853 1449 dolor.
1116 1405 1168 1459 -275

204 1473 245 1534 Et
265 1493 325 1530 non
348 1474 448 1532 minus
471 1492 528 1534 nos
552 1493 632 1531 nunc
652 1474 790 1534 dolemus
812 1494 902 1549 quam
923 1475 1019 1551 prius.

203 1556 278 1617 Non
302 1577 373 1636 ergo
396 1558 507 1635 simpla
527 1559 612 1631 haec,
633 1559 725 1635 dupla
742 1560 789 1618 bis
812 1567 897 1619 tanto
920 1559 1022 1618 mala?

206 1641 262 1702 ch.
306 1644 419 1702 Verum
440 1651 496 1716 est,
518 1644 683 1720 fatemur[:]
706 1664 743 1702 ao
762 1663 909 1717 veremur,
933 1663 971 1703 ne
994 1644 1095 1703 Deum

204 1728 346 1787 Incessat
365 1730 412 1787 ira
430 1729 524 1786 huncr
547 1749 618 1788 nam
640 1730 759 1787 levatur
782 1750 844 1788 non
866 1731 976 1807 magis,

204 1811 375 1873 Defunotns
398 1813 452 1872 illa
474 1821 573 1890 peste,
596 1832 685 1888 quam
709 1821 872 1892 aegrotans
892 1815 987 1892 prius.
1116 1828 1169 1883 280

206 1898 278 1956 Teo.
324 1899 407 1978 Ergo
430 1899 565 1958 disertim
586 1898 825 1957 commonendus
848 1918 881 1957 es
903 1900 987 1956 mihi.

207 1981 262 2042 Oh.
303 1985 392 2043 Enim
417 1984 496 2041 unde
524 1983 625 2059 coepit
649 1983 777 2060 gliscere
797 1984 873 2040 haec
891 1984 989 2042 moles
1012 1982 1096 2054 mali,

205 2067 272 2126 Nos
294 2069 498 2140 condolentes,
522 2077 551 2126 et
572 2076 669 2126 metus
689 2069 793 2128 socios
815 2068 899 2126 doce.

206 2153 279 2211 Teo.
319 2155 402 2232 Ergo
425 2161 458 2210 ut
479 2153 594 2212 doloris
618 2153 733 2225 socius,
755 2172 877 2212 omnem
897 2171 962 2223 rem
987 2160 1065 2209 tene.

205 2236 288 2297 Nam
309 2247 398 2298 nocte
420 2237 518 2313 prima
537 2238 668 2296 nondum
690 2239 788 2296 adhuc
808 2238 989 2296 micantibus
1117 2253 1169 2308 235

205 2328 367 2383 Astrorum
389 2323 506 2397 ocellis,
529 2323 582 2381 ille
604 2343 701 2384 vanos
723 2324 832 2401 accipe

205 2410 376 2469 Instructus
400 2410 490 2469 hasta
510 2416 608 2467 tentat
626 2409 725 2468 exitus
744 2428 847 2468 ruens.

205 2495 273 2573 Ego
296 2495 421 2571 increpo
443 2494 607 2553 hominem.
628 2513 698 2553 uam
721 2495 804 2570 quid,
823 2494 958 2570 inquam,
978 2490 1094 2568 cogitas

204 2580 307 2639 Aiax?
329 2581 411 2655 quod
428 2580 506 2638 istuc
527 2579 616 2637 itiner
635 2580 783 2637 incertum
804 2598 896 2656 paras

203 2664 300 2723 Nullo
324 2672 467 2724 evocatus
492 2666 615 2737 nuncio,
640 2672 691 2722 aut
713 2665 788 2722 tuba
810 2663 937 2735 excitus,
1116 2677 1169 2732 290

205 2748 283 2809 (lum
305 2750 441 2826 placidus
464 2768 570 2809 omnes
593 2749 704 2807 mulcet
726 2748 758 2806 in
782 2750 890 2808 castris
912 2748 1020 2824 sopori

203 2835 299 2893 Brevi
319 2834 372 2893 ille
395 2835 474 2893 dicto
497 2835 676 2910 insequitur,
699 2843 731 2891 at
750 2834 904 2912 vulgario:

203 2920 325 2993 Mulier,
348 2920 506 2978 mulierum
526 2938 670 2977 ornamen
691 2928 739 2977 est
761 2920 923 2978 silentium.

203 3006 357 3064 Perculsit
375 3006 527 3063 animum:
551 3004 718 3080 comprimo
740 3024 804 3064 me:
827 3005 880 3063 ille
902 3002 985 3062 exiit.

203 3091 317 3151 Verum
337 3091 408 3166 quid
430 3090 593 3149 intervenit
614 3089 746 3162 interibi,
770 3091 851 3148 haud
870 3090 945 3149 scio.
1116 3096 1167 3151 295
1249 3150 1253 3160 ,
1287 3068 1326 3119 Ψ

201 3174 292 3248 Post,
316 3176 515 3235 currifrontcs
535 3176 628 3232 intrat
647 3183 800 3234 armentas
823 3193 928 3253 agens,

200 3262 364 3336 Mutasque
380 3260 525 3338 pecudes,
547 3266 637 3334 atque
660 3260 799 3319 custodes
822 3278 924 3319 canes.

202 3346 286 3405 Hinc
307 3346 406 3423 capite
429 3353 557 3417 truncat,
578 3345 648 3403 inde
667 3346 836 3423 resupinat,
856 3349 956 3414 necat,

202 3430 384 3508 Iugulatque
406 3431 565 3506 quaedam.
587 3431 635 3506 his
657 3430 839 3507 compeditis
860 3427 997 3497 verbera,

203 3516 365 3593 Tanquam
384 3516 442 3575 viri
464 3518 535 3590 sint,
558 3536 618 3573 non
640 3534 761 3593 greges,
783 3531 881 3589 usque
903 3510 1029 3588 oggerit.
1115 3528 1168 3581 30⁰

202 3601 291 3660 Tunc
311 3601 516 3676 nescioquod
538 3600 656 3672 exiens,
678 3607 829 3674 spectrum
852 3604 998 3672 appetens

203 3686 384 3747 Orationem
405 3686 517 3745 duriter
537 3685 624 3743 dictis
647 3683 731 3741 dedit

200 3773 239 3830 In
263 3771 419 3849 Ulyssem,
442 3770 576 3842 Atridas,
598 3786 757 3845 perperam
781 3773 811 3825 et
834 3765 1019 3838 ioculariter,
