2884 4650
568 506 719 599 —l-l-SL

183 676 340 733 Murmura
357 672 491 748 pulvinis
514 672 600 749 ripae
624 672 790 731 alludentia
809 673 971 750 frangens:

184 762 286 833 Atque
308 757 463 815 exercitiis
486 757 569 817 audis
592 757 753 833 pellaoibu'
776 757 897 829 ludens,

183 843 326 903 Navibus
349 842 500 914 exultans,
522 861 677 918 ¹pecorosa
698 842 769 901 loon
789 842 913 900 humida
933 844 1077 905 lustrans.

186 930 214 989 Ο
238 936 336 986 mater
354 926 495 999 Veneris,
522 927 700 986 nebularum
721 935 818 986 mater
839 935 992 1000 ovantum,

183 1016 225 1073 Et
246 1012 376 1070 fontium
400 1012 605 1089 omnigenum,
627 1014 791 1087 liquentum
814 1015 957 1072 suavibus
979 1015 1085 1073 undis:

183 1099 256 1161 Hue
278 1098 363 1165 adsis
384 1098 486 1169 nobis,
507 1108 536 1155 et
556 1098 669 1156 blanda
690 1098 817 1156 illabere
837 1099 929 1169 votis,

183 1184 325 1243 Navibus
343 1182 507 1242 immittens
532 1184 698 1241 animarum
722 1184 845 1241 flamina
866 1184 951 1241 suda.

392 1354 506 1410 Terenti
532 1352 617 1411 Consi
635 1356 775 1429 suffimen,
796 1374 905 1411 murro.
1058 1354 1097 1412 22

186 1440 215 1499 O
238 1438 290 1513 qui
315 1436 399 1495 salsa
419 1445 505 1495 tenes
528 1437 634 1513 liquidi
654 1440 825 1515 penetralia
846 1439 959 1511 mundi,

185 1522 411 1599 Quinquaginta
432 1542 493 1580 una
513 1525 599 1600 pusis
624 1544 678 1600 per
700 1516 822 1582 oderula
841 1521 988 1601 gaudens,

185 1602 324 1669 Goetibu'
347 1607 503 1685 virgineis,
522 1610 629 1685 genius
651 1610 745 1669 maris
764 1610 842 1667 alme
865 1609 1012 1667 Terente:

183 1691 362 1753 Fundamen
386 1688 483 1763 mari',
507 1712 611 1771 margo
632 1703 741 1767 terrae,
752 1696 932 1770 principium
950 1696 1096 1754 omnium:

185 1779 247 1855 Qui
268 1777 378 1837 moliri'
402 1786 511 1836 statum
529 1784 638 1852 terrae,
660 1800 726 1838 oum
749 1780 865 1837 seilicet
885 1799 970 1839 arces

183 1864 221 1921 In
243 1862 344 1921 caveis
369 1863 440 1920 olim
459 1862 654 1940 indignantes
679 1883 830 1921 murmure
851 1863 979 1923 Cauros.

184 1948 247 2009 Sed
269 1957 370 2007 motus
390 1957 488 2005 terrae
511 1968 688 2021 averrunoa,
710 1957 742 2006 et
761 1949 845 2007 mitte
866 1950 1013 2008 ministris

183 2034 384 2105 Fluminibus,
405 2050 571 2109 pacemque
592 2041 622 2091 et
644 2053 732 2111 opes,
751 2034 903 2111 ditemque
925 2036 1063 2093 salutem.

298 2202 486 2261 Solouloram
506 2204 665 2260 Nerienem
684 2204 824 2280 suffimen,
844 2216 985 2263 aromata.
1057 2208 1097 2267 23

184 2288 296 2348 Pullae
320 2288 489 2360 caeruleae,
510 2288 616 2362 liquidi
637 2307 713 2366 gens
735 2288 848 2348 blanda
867 2290 1002 2363 Terenti,

184 2373 364 2446 Aedioolae,
386 2374 504 2446 Latiae,
526 2374 731 2449 ludicraeque,
755 2375 923 2448 fluitantem

185 2459 413 2536 Quinquaginta
432 2479 509 2536 vago
531 2460 683 2518 fatuantes
707 2480 858 2523 marmore
877 2481 971 2537 pusae

185 2546 344 2603 Tritonum
370 2563 472 2603 ourrus
494 2552 646 2603 sectantes
668 2565 759 2619 pone,
782 2546 934 2606 inhiantes

184 2629 346 2692 Semiferis
370 2628 478 2688 Geniis
498 2649 571 2704 quos
592 2629 705 2689 vitreus
726 2631 833 2689 educat
850 2634 973 2692 humor:

183 2718 286 2792 Atque
304 2713 373 2774 aliis
397 2715 565 2790 quicunque
586 2715 690 2773 colunt
709 2715 856 2790 liquentia
876 2728 986 2791 eastra,

184 2799 367 2873 Undioolae,
388 2798 475 2871 Salii,
497 2800 662 2858 lustrantes
687 2801 809 2878 agmina
831 2823 984 2878 aquarum,

183 2885 349 2962 Undivagi,
371 2885 477 2959 liquidi
499 2884 656 2960 Delphini,
679 2886 788 2963 glauca
808 2897 938 2962 tuentes,

184 2972 247 3030 Vos
266 2991 321 3030 oro
342 2989 483 3047 magnam
505 2989 611 3045 copem
631 2991 695 3028 rem
718 2981 795 3031 cette
818 2973 965 3036 Camillis.

182 3056 265 3114 Nam
287 3076 343 3116 vos
364 3057 445 3114 festa
463 3056 608 3132 coegistis
631 3055 759 3116 Comitia
780 3061 895 3135 primae

183 3143 289 3200 Liberi
310 3141 441 3218 augusti,
463 3148 492 3198 et
513 3141 643 3199 Liberae
669 3146 820 3221 augustai,

183 3228 313 3286 Lacinia
331 3247 398 3284 oum
419 3236 524 3300 matre,
547 3235 577 3284 et
599 3229 777 3304 Apollinere
797 3230 1005 3308 induperante.

382 3401 453 3456 Ioni
473 3400 551 3458 Moti
570 3401 710 3475 suffimen,
733 3394 883 3460 atorooeia.
1033 3421 1037 3425 ’
1054 3400 1093 3458 21

185 3482 230 3540 Te
253 3484 318 3542 calo
338 3491 463 3542 naturae
487 3485 587 3544 salsae
607 3486 721 3543 Maium
742 3487 955 3557 aedituentem,

183 3568 399 3646 Primigenam,
421 3569 472 3645 qui
492 3578 629 3627 naturam
653 3571 714 3648 egit
731 3571 764 3627 in
786 3571 873 3629 ordia
891 3571 1001 3647 prima,

184 3653 377 3713 Omnimodia
395 3661 515 3712 mutans
537 3673 625 3712 saura
645 3656 771 3714 foedera
793 3657 942 3727 materiai,

182 3738 325 3818 Famiget
350 3747 381 3798 et
402 3738 579 3812 Consentis,
598 3739 840 3800 callemartium
860 3759 937 3818 qnae
958 3750 1040 3817 sunt,
