2884 4650
216 757 365 832 Eloquiia
387 757 489 818 animo
512 776 590 832 quae
611 761 734 820 sitiente
749 760 843 818 bibis:

180 843 237 903 eur
253 843 331 900 felix
351 861 469 900 mecum
491 861 560 902 esse
584 846 682 921 cupis,
706 845 882 921 ohryeaeet
903 848 975 921 quid
995 849 1074 908 ultra

217 929 286 1003 Quo
308 927 385 984 caeli
406 935 513 1006 tangas
539 928 640 987 sidera
663 949 791 1003 summa,
812 930 916 1007 petis?

121 1059 125 1066 ,
178 1014 232 1072 1111
254 1021 339 1070 tenet
358 1013 491 1085 caelum,v
510 1015 558 1070 cui
578 1024 736 1091 praestant
759 1014 842 1073 mille
864 1016 985 1092 puellae

216 1098 303 1157 Mille
322 1096 419 1170 Deae,
441 1117 519 1157 unus
546 1097 696 1159 Scaevola
717 1101 802 1158 mille
821 1100 915 1159 Deos.

179 1270 205 1328 6.
250 1271 290 1328 Ia
314 1267 395 1325 Petri
424 1266 559 1325 Laenaet
582 1269 686 1328 librum
709 1267 854 1327 Gallicum
874 1273 911 1327 de
930 1270 1087 1349 Prodipiia

177 1353 247 1412 Non
269 1353 363 1430 igitur
385 1350 504 1410 Natura
525 1361 639 1429 potest,
662 1354 815 1425 Launaee,
834 1354 942 1413 iubere

218 1437 291 1508 Sola
314 1437 404 1495 novis
421 1437 528 1494 miram
549 1440 639 1496 rebus
662 1440 773 1497 adesse
795 1438 899 1497 fidem:

180 1523 431 1666 Quandozuidem
450 1541 510 1579 una
528 1524 613 1582 novis
636 1516 726 1580 audet
747 1543 781 1582 se
799 1523 909 1582 tollere
928 1525 1050 1603 linguae

217 1609 316 1666 Laudi
339 1626 386 1679 us,
408 1607 519 1683 eloquii
538 1608 599 1665 fida
620 1609 760 1666 ministra
781 1609 835 1665 tui.

180 1692 298 1770 Quippe
320 1692 471 1754 immensa
493 1711 616 1765 canens,
640 1694 836 1767 mirandaque
844 1693 974 1756 ‚foedera
986 1714 1087 1755 rerum

218 1777 291 1837 Non
314 1779 413 1852 potuit
430 1777 506 1834 tanti
527 1786 613 1855 purte
634 1798 737 1836 carere
758 1778 825 1836 loci.
1014 1835 1017 1841 ,

180 1863 263 1938 Quae
286 1864 313 1922 si
334 1871 446 1937 quanta
469 1864 560 1934 canit,
583 1871 629 1922 tot
653 1865 745 1922 habet
766 1863 911 1921 miracula
932 1865 1027 1938 vocis,

217 1950 256 2006 Et
279 1957 325 2007 tot
348 1950 499 2006 honorata
516 1949 646 2024 pignora
668 1949 758 2005 laude
780 1949 875 2022 capit:

180 2032 305 2092 Caetera
328 2040 458 2108 quantus
478 2033 577 2090 honos
600 2032 737 2091 Naturae
759 2033 836 2089 mira
855 2031 991 2107 parentis

220 2117 321 2196 Supra
343 2117 480 2176 Naturae
500 2137 624 2176 munera
646 2136 743 2196 posse
763 2116 865 2192 loqui?

321 2215 406 2262 Auno
430 2211 503 2264 1571.

343 2370 372 2427 7.
416 2368 596 2445 Descriptio
618 2372 663 2426 Ιο.
683 2370 820 2426 Boteselle'
838 2370 866 2425 Ι.
893 2367 923 2425 Ο.

180 2452 282 2513 Oivica
303 2474 397 2529 saepe
419 2473 527 2531 gerens
550 2453 661 2511 dubiis.
674 2472 731 2529 pro
751 2452 854 2510 litibus
877 2471 962 2511 arma

218 2540 374 2598 Pictonieo
394 2539 523 2597 obtinuit
542 2539 678 2615 praemia
700 2554 818 2595 summa
837 2538 917 2595 foro:

177 2626 215 2684 Et
235 2643 316 2683 nunc
339 2625 419 2681 idem
440 2624 516 2683 alias
539 2644 632 2701 porro
656 2641 822 2681 conversus
843 2624 883 2680 ad
904 2628 985 2681 artes

219 2709 331 2771 Scribit
355 2729 431 2783 quae
453 2711 569 2785 passim
588 2708 691 2768 Gallia
708 2715 770 2765 tote
789 2706 883 2783 legat:

177 2800 217 2854 At
239 2814 394 2870 nunquam
418 2812 555 2867 cessans,
577 2793 667 2851 etad
690 2793 790 2849 omnia
811 2811 922 2869 magna
942 2800 1065 2868 paratus

218 2879 389 2939 Boissellus
412 2878 544 2955 patriam
560 2897 634 2938 voce
656 2878 801 2951 librisque
822 2879 914 2936 iuvat.

178 2964 238 3027 sed
257 2974 376 3023 tantum
396 2965 464 3023 voci
481 2966 680 3041 praestabunt
701 2963 814 3037 scripta
835 2963 977 3035 disertae,

219 3051 373 3126 Quantum
393 3050 550 3107 Pictonico
574 3049 676 3109 Gellia
696 3056 763 3105 tota
784 3048 861 3106 foro.

178 3222 207 3279 8.
235 3223 273 3279 In
296 3220 447 3296 Specimen
465 3222 671 3294 uetustissimae
696 3217 836 3277 Getarum
854 3216 987 3291 Linguae
1008 3218 1086 3273 Bou.

506 3305 644 3369 Vulcacio
669 3305 785 3361 editore.

167 3388 264 3448 Naso
286 3388 466 3447 Tomitanae
488 3389 591 3446 didicit
611 3396 697 3447 vetus
720 3385 822 3444 incola
842 3393 942 3441 terrae

219 3474 356 3533 Barbara
376 3473 526 3533 Romanis
549 3482 668 3531 nectere
693 3472 787 3530 verba
806 3468 911 3526 modis.

175 3560 218 3618 At
239 3568 271 3617 tu
293 3560 434 3617 docturos
455 3567 574 3637 gentem
600 3578 656 3617 sua
677 3557 771 3615 verba
788 3553 939 3625 Latinam,

220 3645 360 3718 Vulcani,
383 3644 481 3721 gelido
501 3645 614 3720 promis
635 3644 674 3701 ab
696 3661 756 3699 axe
779 3638 884 3697 Getas.

176 3728 336 3808 Contingit
355 3738 475 3803 nostro,
497 3730 574 3806 quod
593 3728 668 3787 nulli
691 3724 818 3800 contigit
835 3740 922 3795 aevo,
986 3788 989 3793 ,

218 3816 346 3874 Vertere
369 3814 564 3892 Hyperboreo
585 3814 664 3873 dicta
684 3809 794 3869 Latina
814 3826 899 3922 sonp.
