2884 4650
617 562 677 622 317

192 738 332 797 Haerens
354 736 507 810 humoque
528 734 607 792 fixus
631 733 715 792 ensis
739 731 846 808 arguit.

502 820 531 876 3.
555 817 685 892 Strophii
707 817 800 876 VIII.

194 905 249 966 Ch.
295 905 365 962 Heu
388 903 532 962 miserum
554 921 667 961 casum.

194 991 282 1050 Tene
304 988 470 1048 cruentasti

192 1077 369 1136 Amicorum
393 1073 521 1134 carens?

193 1162 299 1238 Egone
321 1177 473 1233 eousque
496 1157 606 1233 stipes:
629 1177 684 1234 ego

193 1247 243 1305 Ita
260 1245 418 1322 negligens
438 1243 483 1301 fui
505 1242 615 1301 huius?

195 1330 267 1402 Hic,
293 1330 342 1388 hic

196 1415 356 1487 PerviouS,
377 1421 465 1488 atque
487 1412 535 1470 sui

197 1502 283 1559 Iacet
305 1498 415 1558 ominis
436 1498 525 1555 Aiax.

198 1585 271 1644 Teo.
312 1583 410 1642 Nefas
424 1582 543 1648 ridere.
569 1599 673 1638 verum
699 1596 756 1655 ego
778 1575 867 1632 huius
885 1571 973 1649 pallii
1127 1565 1180 1618 915

198 1672 308 1730 Totum
329 1667 503 1727 obvolutum
523 1684 631 1742 corpus
653 1664 783 1722 amiectu
804 1661 954 1736 obtegam.

198 1755 339 1829 Namque
357 1753 455 1826 illum,
476 1752 590 1809 amicus
616 1751 643 1808 si
664 1749 731 1824 quis
754 1754 811 1818 est,
836 1752 942 1802 contra
964 1741 1048 1798 obtni

198 1841 273 1901 Non
299 1847 389 1913 queat
410 1838 528 1896 anhelis
548 1835 735 1894 follicantem
757 1830 894 1900 naribus,

199 1928 302 1986 Et'ex
324 1933 448 1982 cruento
471 1923 594 1981 vulnere
619 1927 717 1976 atrum
741 1915 929 1992 sanguinem.

200 2011 271 2070 Heu
295 2009 417 2081 misera,
437 2007 508 2083 quid
527 2005 637 2083 agam?
661 2003 729 2078 quis
751 2009 782 2058 te
804 1999 969 2056 amicorum
987 1990 1114 2051 efferet?
1131 1989 1183 2045 920

200 2097 264 2156 Ubi
282 2092 419 2151 Teucer?
441 2093 574 2164 adesset,
595 2089 742 2164 siquidem
765 2086 898 2156 adesset,
916 2079 1056 2156 tempori,

202 2180 258 2242 Sui
281 2180 410 2237 cadaver
430 2177 533 2236 fratris
556 2183 589 2233 ut
611 2179 818 2251 componeret.

203 2264 312 2343 Qualis
338 2264 385 2322 vir
406 2264 499 2336 Aiax,
524 2261 653 2338 qualiter
675 2259 768 2316 miser
781 2257 875 2328 iaces,

201 2350 409 2411 Miserandum
432 2358 462 2407 et
483 2348 559 2424 ipsis
581 2347 719 2405 hostibus
743 2338 964 2419 spectaculum!
1007 2369 1011 2376 ,

484 2438 510 2490 t.
533 2432 726 2507 Antistropho
748 2430 846 2487 XIII.

204 2522 259 2582 Ch.
304 2520 427 2577 Labore
447 2538 519 2596 ergo
543 2518 679 2593 improbo

202 2607 366 2677 Volueras,
390 2603 537 2662 miseriis·
644 2621 646 2627 ‘

205 2710 278 2767 -que
302 2689 432 2765 fungier,
457 2697 487 2745 et
507 2686 627 2762 quidem

202 2779 340 2837 Functus
366 2792 408 2831 es.
435 2772 627 2848 usqueadeo

204 2862 282 2922 Mihi
304 2859 379 2917 talia

204 2946 333 3007 Perdius
356 2943 418 3001 acri
438 2942 540 2999 animo

206 3030 365 3092 Gemendo
387 3028 476 3105 signa
497 3027 558 3083 iarn
581 3025 675 3083 dabas

206 3117 368 3187 Hostifica,
393 3121 423 3170 et
446 3131 564 3187 pernox

207 3204 291 3279 Erga
312 3199 437 3260 Atridas
462 3198 564 3256 duces.

207 3289 256 3349 Ea
277 3287 344 3359 fuit,
367 3303 403 3341 ea
424 3283 502 3341 labis

208 3373 358 3448 Princeps
377 3369 458 3427 dies:
482 3384 558 3441 quae
579 3362 661 3420 dedit

209 3457 359 3516 Iudicium
381 3471 450 3511 acre
471 3452 530 3511 vir-

211 3542 299 3601 ·tutis
320 3549 350 3597 et
374 3558 446 3616 ergo
470 3534 598 3595 Achillis
624 3539 713 3589 arma'
730 3526 863 3586 tradidit.

278 3671 285 3686 .
342 3626 414 3681 heu!
587 3672 588 3677 ,

211 3628 276 3773 {Ec
314 3627 474 3769 F(denerosa
496 3725 566 3765 cura
587 3703 690 3781 penita
712 3696 822 3757 transit
841 3692 967 3751 viscera.
1123 3686 1175 3741 938

212 3797 286 3857 Teo.
310 3796 409 3857 Eheu!
