2884 4650
721 545 872 640 20„
884 612 887 617 .

342 711 384 769 Et
402 720 555 770 momenta
573 711 658 788 lyrae
679 712 789 775 fidibus
812 713 977 772 commissa
998 717 1129 777 canoris.

342 795 482 871 Denique
501 805 575 872 quot
595 817 696 855 rerum
717 797 818 857 divina
837 797 965 858 Poetica
986 799 1077 859 flores

344 877 513 956 complexa
536 890 593 954 est,
618 903 679 941 uno
699 884 786 960 pueri
804 903 837 942 se
858 889 982 960 pectore
1007 886 1155 946 condunt:

344 965 456 1025 Omnia
479 985 555 1041 quae
578 974 694 1025 tentata
715 968 770 1026 tibi
790 968 931 1027 felicibus
955 968 1038 1027 ausis

341 1051 453 1110 Mentis
470 1051 671 1128 inexhaustae
689 1053 780 1128 primi
799 1053 900 1111 lusere
923 1051 1052 1112 calores.

341 1136 416 1195 Mox
438 1136 489 1194 ubi
510 1137 589 1194 trina
611 1137 667 1193 tibi
687 1137 894 1211 quinquennia
914 1137 1048 1196 condidit
1067 1145 1165 1211 aetas,

343 1221 389 1278 Te
409 1221 526 1279 maiora
544 1228 670 1280 vocant:
690 1241 792 1280 rerum
815 1223 981 1298 disquirere
1000 1241 1109 1284 causas
1356 1261 1357 1294 ᾗ

341 1305 414 1364 Fert
436 1305 566 1378 animus,
588 1306 669 1364 docti
689 1306 844 1364 recludere
866 1326 953 1366 saera
971 1306 1094 1383 Lycaei,
1118 1309 1253 1387 [Lycctl]

342 1390 383 1449 Et
403 1392 515 1450 veteris
539 1398 621 1450 totos
642 1391 788 1450 Academi
810 1392 942 1468 pandere
963 1409 1083 1452 census.
1356 1409 1357 1490 p

343 1473 411 1533 Nee
432 1494 505 1535 vero
526 1475 674 1533 interdum
699 1477 776 1534 caeli
798 1485 952 1536 momenta
971 1476 1100 1538 volantis

343 1559 497 1618 Intentata
517 1561 583 1633 tibi,
604 1579 661 1618 nec
679 1579 754 1634 quas
777 1561 910 1620 Nilotica
931 1563 1083 1639 Memphis
1356 1555 1357 1606 Ϊ

344 1642 428 1705 Solis
451 1645 482 1702 in
506 1653 612 1703 exacto
634 1646 766 1722 signavit
785 1647 907 1722 pulvere
929 1655 1035 1706 metas.
1356 1695 1357 1718 ,

343 1729 386 1788 Ut
402 1748 458 1806 per
478 1749 577 1806 prona
594 1730 655 1788 ruit
674 1731 794 1790 nivibus
818 1733 856 1789 de
876 1740 979 1790 monte
1006 1732 1126 1805 solutis,
1356 1725 1357 1788 l

343 1813 411 1872 Nec
429 1814 489 1871 iam
512 1816 579 1873 finit
597 1833 692 1890 aquas
709 1816 844 1893 riparum
865 1817 1002 1894 margine
1023 1824 1162 1877 torrens:

342 1898 403 1957 Per
426 1900 531 1977 scripti
553 1919 642 1959 omne
663 1919 758 1978 genua
782 1901 853 1960 latis
875 1901 1064 1962 discursibus
1087 1921 1172 1963 erras

342 1984 473 2062 Ingenii,
494 1986 542 2044 cui
563 1986 648 2044 nulla
668 1986 726 2044 fuit
747 2005 888 2046 mensura
907 1987 1015 2045 ruenti.

344 2068 437 2129 Cuius
456 2071 494 2127 ad
515 2072 654 2129 excelsas
678 2071 748 2128 dum
772 2090 805 2131 se
828 2072 908 2130 celer
927 2073 1057 2147 impetus
1080 2079 1162 2132 artes

342 2155 487 2232 Expedit,
508 2164 539 2214 et
557 2163 623 2215 toto
647 2153 780 2231 Sophiae
804 2175 838 2214 se
857 2157 972 2233 proluit
989 2175 1088 2228 amne,
1356 2176 1357 2218 t

342 2240 518 2298 Extenuant
542 2240 682 2298 iuvenem
705 2241 846 2317 vigilatae
870 2261 908 2299 ex
930 2241 1035 2300 ordine
1059 2247 1179 2314 noctes,
1356 2235 1357 2268 ¹

344 2324 443 2383 Tabet
464 2327 503 2383 ab
522 2326 669 2385 exhausto
690 2345 800 2401 corpus
822 2327 994 2386 miserabile
1016 2345 1117 2385 succo.

341 2409 410 2468 Nec
430 2430 526 2483 mora,
547 2429 603 2467 nec
622 2412 754 2485 requies,
779 2412 946 2471 studiorum
969 2411 1106 2470 dulcibus
1130 2432 1238 2473 amens

342 2494 517 2554 Immoritur
538 2496 627 2567 curis,
651 2504 680 2554 et
703 2515 813 2556 vescas
835 2498 965 2573 carpitur
986 2503 1079 2568 artus,
1356 2508 1357 2575 q

341 2580 473 2638 Abdicet
492 2587 526 2638 ut
544 2582 637 2639 vitam
656 2582 735 2639 vitae
755 2582 936 2640 immortalis
960 2600 1073 2653 amore,
1356 2576 1357 2607 ³

342 2662 407 2721 Iam
428 2665 557 2723 collecta
580 2666 670 2723 cutim
689 2668 803 2725 macies
824 2667 958 2725 adducitr
982 2667 1150 2725 hebescunt

344 2746 510 2826 collapsae
528 2751 622 2809 vires:
646 2751 683 2807 de
702 2758 788 2811 tanto
811 2752 939 2826 denique
957 2751 1066 2810 Dousa

342 2831 396 2891 Nil
417 2841 537 2909 praeter
558 2835 691 2912 linguam
713 2845 862 2913 superest.
886 2837 1010 2895 casola
1033 2844 1192 2913 parentem

341 2917 526 2993 Alloquitur,
548 2918 694 2993 vacuique
715 2940 821 2981 omncs
844 2921 969 2979 effundit
990 2921 1021 2979 in
1042 2920 1127 2978 illum

342 3002 499 3079 Reliquias
522 3003 628 3061 animi:
650 3002 724 3063 Non
748 3013 789 3078 te,
814 3006 988 3066 dulcissime
1007 3024 1120 3078 rerum,

342 3088 489 3146 Luctibus
511 3088 672 3146 obsessum
693 3089 787 3167 longo
811 3110 950 3151 sermone
975 3091 1124 3149 morabor.

342 3172 412 3232 Non
434 3192 473 3230 ex
493 3173 652 3248 praecipiti
671 3174 750 3233 vitae
772 3175 846 3233 mihi
866 3176 983 3235 tollitur
1003 3194 1088 3234 usus.

343 3257 525 3336 Iampridem
544 3257 642 3317 morbi
661 3258 744 3317 lenta
765 3260 926 3320 obsidione
947 3278 1075 3337 peresus

343 3341 438 3401 Disco
459 3342 544 3401 mori.
566 3341 628 3401 Per
644 3362 700 3420 ego
721 3352 751 3402 te
772 3346 872 3419 istam,
896 3364 985 3422 quam
1004 3346 1123 3416 desero,
1142 3344 1254 3418 lucem,

344 3427 501 3503 Quamque
519 3428 574 3487 tibi
596 3436 749 3504 acceptam
769 3431 880 3504 refero,
904 3450 943 3489 ne
967 3430 1081 3506 confice
1101 3430 1195 3503 curis,

344 3510 442 3585 Quem
464 3514 582 3589 patriae
605 3513 697 3572 debes
720 3515 863 3573 animum.
884 3515 1010 3575 Desiste
1034 3514 1148 3586 dolere,

343 3593 433 3667 Quod
451 3598 534 3657 feror
555 3607 626 3657 aute
647 3598 737 3672 diem,
764 3600 846 3674 quod
869 3600 975 3658 funere
996 3599 1089 3658 tollor
1111 3601 1234 3659 acerbo.

342 3680 415 3739 Vita
436 3698 508 3739 suas
529 3690 626 3743 metas
645 3692 724 3757 actu,
746 3704 808 3743 non
829 3692 967 3762 tempore
987 3684 1063 3742 finit.

344 3763 400 3848 Sat
419 3765 504 3838 vixit,
526 3769 578 3841 qui
600 3777 647 3828 sat
667 3769 797 3847 patriae,
820 3779 868 3828 sat
887 3769 1002 3847 profuit
1024 3768 1099 3827 orbi.
