2884 4650
212 703 313 764 Corda
334 703 428 781 figitis
449 702 566 774 intima,

212 788 354 850 Sauciate
372 807 428 864 par
447 789 503 846 hoe
524 808 641 848 novum.

211 878 302 934 Anna
324 872 464 949 Gaspare
484 873 609 932 ferveat.

212 959 334 1034 Gaspar
356 965 474 1016 aestuet
495 960 594 1018 Anna.

173 1046 267 1103 Ambo
291 1061 430 1120 compare
451 1043 575 1100 vulnere

213 1129 341 1190 Saueios
363 1128 418 1186 tibi
436 1127 555 1185 tradidi.

211 1215 328 1273 Functa
349 1231 472 1270 munere
495 1229 561 1271 sum
581 1231 659 1270 meo.

211 1300 292 1376 Ergo
313 1299 439 1374 fungere
459 1305 491 1354 tu
512 1305 576 1368 tuo,

212 1383 398 1462 Hymenille‚
417 1383 562 1441 vicissim.

175 1471 233 1528 Fac
252 1476 469 1528 saeraeoeant
490 1468 550 1526 fide

212 1555 340 1612 Pectora
361 1552 497 1610 unanimi
520 1551 609 1610 simul

214 1640 398 1715 Temperata
419 1637 560 1715 coagu103

213 1726 299 1800 Quae
325 1724 389 1781 dies
413 1721 610 1799 querimoniis

213 1809 307 1868 Nulla
329 1807 443 1866 dividat
464 1808 547 1866 olim.

175 1896 262 1970 Quod
281 1896 321 1952 sit
339 1894 439 1951 omine
460 1912 527 1950 eum
549 1892 640 1960 bono,

215 1981 312 2040 Omne
334 1978 507 2054 coniugibus
531 1977 643 2035 bonum

212 2065 383 2141 Impreeare
405 2062 587 2140 perenniter.

213 2154 240 2209 Α
258 2149 419 2226 penatibus
442 2147 544 2207 omnia

214 2235 388 2311 Deprecare
410 2233 538 2292 nefasta.

174 2321 273 2380 Pestis
296 2320 387 2391 absit,
410 2330 439 2377 et
458 2319 580 2399 orbitas.

215 2406 354 2466 Gaudeat
375 2404 482 2463 domus
505 2422 605 2463 annua

213 2491 313 2549 Prole.
334 2489 495 2566 frugiferas
519 2509 595 2566 opes

215 2574 298 2635 Rure
319 2575 426 2633 fundat
446 2574 557 2631 adorea

214 2661 287 2720 Dite
307 2660 398 2736 eopia
422 2679 525 2717 cornu.

175 2747 240 2819 Eia,
261 2745 329 2822 quis
352 2764 444 2804 sonus
464 2745 534 2802 hic?
556 2744 599 2801 ita
618 2751 676 2816 est,

215 2832 250 2889 In
274 2830 395 2889 modum
415 2830 471 2887 tibi
492 2830 634 2907 Virgines

214 2914 374 2993 Nuptialia
394 2916 527 2973 earmina

216 3000 393 3061 Concinunt.
414 3000 471 3058 tibi
489 3000 617 3058 noctifer

214 3087 339 3161 Linquit
360 3085 519 3160 Hesperus
542 3085 661 3146 Oetam.

176 3172 298 3248 Impulit
319 3170 445 3228 thalami
467 3170 547 3229 fores

217 3256 314 3316 Cardo
336 3255 480 3315 stridulus
502 3274 624 3313 aeneas.

217 3340 368 3419 Coniuges
389 3360 444 3399 sua
466 3342 527 3398 iam
547 3348 636 3398 vocat

216 3426 311 3485 Hora.
339 3428 400 3484 iam
420 3426 553 3485 veniant.
574 3433 637 3484 toro

97 3564 98 3577 ,
218 3510 407 3571 collocentur
426 3512 550 3570 eburno.

97 3638 99 3669 p
176 3596 292 3655 Blanda
311 3596 427 3673 praelia
451 3603 622 3656 conserant.

218 3682 410 3759 Implieantia
429 3682 553 3740 brachia

217 3766 311 3827 Nulla
329 3768 375 3827 vis
396 3768 503 3826 ederae
522 3774 615 3825 tenax
