2884 4650
603 540 755 637 A

223 704 336 769 ἄλλοτε
358 706 386 768 θ’
407 705 520 789 ἀνδρὸς
541 704 626 791 ἄφαρ
647 707 805 791 ῥωθώνων
828 706 937 791 δριμὺς
956 707 1051 789 ἀυτὴν

221 811 336 937 θῖῖῖἶὲ
357 789 1105 961 2³3?'1295*assfpffiu'issfgi'afflssoffi‘WYW'

222 958 359 1021 νεικείων
379 960 455 1022 ποτὲ
473 965 588 1023 καπνὸν
611 960 719 1029 ἀνάξια
741 958 904 1045 χωόμενος
923 965 991 1045 κῆρ.

222 1040 310 1127 ἔργον
333 1043 369 1126 δὴ
393 1042 560 1127 προῦκοπτ’
585 1044 622 1107 οὐ
646 1047 811 1129 γλισχρῶς,
836 1048 879 1113 ὥς
900 1045 934 1108 τὸ
955 1045 1113 1129 πάροιθεν,

223 1126 391 1235 βριθοσόνη
412 1126 443 1191 δ’
470 1128 581 1211 όπερος
607 1129 748 1213 βραδέως
771 1129 907 1193 ἐκυλίετο
930 1128 1043 1214 κόκλφ.

222 1211 286 1276 ενθ’
310 1211 403 1295 ὑγρὰς
424 1210 814 1297 βαθάμιγγας,·ἐπισταλάει
837 1213 895 1279 λίπ’
927 1214 1045 1292 ἐλαίου,

223 1297 255 1359 ἐν
278 1296 305 1359 δ’
327 1296 430 1379 ὀλίγου
456 1296 621 1365 στάξασκεν
647 1298 812 1380 ἐπιστῦφον
834 1298 926 1382 μένος
946 1298 1041 1369 όΕευς.

220 1382 272 1445 καὶ
296 1379 326 1466 ῥ’
352 1381 590 1464 ἐπαμησάμενος
612 1377 712 1446 κυκεῶ
733 1383 824 1446 πάλιν
845 1383 1042 1447 ἐντολυπεόει

222 1465 392 1548 δακτυλόφι
407 1467 539 1529 δισσοῖσι
560 1466 667 1552 θυείην
686 1467 922 1551 ἀμφιπολεόυιν,

223 1548 393 1635 σφαιρηδόν
417 1550 446 1611 τ’
473 1550 561 1634 ἐλάα,
584 1552 669 1615 τότ’
695 1552 870 1616 ἀποσταδὸν
892 1554 937 1621 εἰς
957 1552 989 1615 ἓν
1010 1550 1135 1635 ἀγείρει,

222 1633 293 1721 ὄφρ’
317 1633 365 1717 είη
387 1632 555 1699 Μυττωτοῦ
579 1636 741 1719 ἐπωνυμίη
761 1660 794 1701 τε
816 1638 896 1721 δομή
920 1660 963 1699 τε.

223 1719 389 1804 ἐγκροφίην
409 1742 456 1781 τοι
480 1719 593 1783 πόνον
618 1721 757 1805 ἀνείρυεν
780 1721 967 1804 ἐγκονέουσα

221 1802 374 1889 νιψαμένη
396 1808 504 1888 χεῖρας
523 1743 666 1890 λίυβάλη.
691 1807 708 1868 ό
734 1806 769 1868 δὲ
788 1810 884 1889 τῆμος
907 1806 994 1887 ἀεικῆ

210 1890 310 1972 ’λιμὸν
332 1888 523 1970 ἀλευάμενος
539 1912 578 1951 ,τε
601 1892 651 1952 καὶ
673 1889 813 1972 ἀσκηθὴς
834 1889 954 1974 πρόπαν
974 1888 1059 1973 ἦμαρ

219 1974 370 2056 κνημῖδας
390 1975 537 2057 κνήμησι,
558 1979 649 2056 κυνῆν
671 1973 699 2035 δ’
724 1973 773 2036 ἐπὶ
793 1975 881 2058 κρατὶ
902 1972 1008 2057 ἔθηκε,

220 2058 292 2125 τοός
312 2079 345 2119 τε
368 2055 445 2142 βόας
467 2059 621 2141 ἀροτῆρας
643 2059 693 2121 ἐπὶ
717 2057 866 2142 ζεόγληφι
887 2057 1025 2122 πέλασσε

221 2140 337 2204 νειόνδ’
355 2142 501 2214 ἐξελάων,
524 2142 574 2205 ἐπὶ
596 2143 625 2205 δ’
640 2144 739 2207 ὤλακι
758 2144 850 2226 πῆξεν
871 2142 1011 2226 ἄροτρον.

308 2239 475 2291 Conversum
488 2258 557 2292 anno
576 2237 653 2303 1561,
676 2242 796 2293 oblatum
820 2258 880 2293 voro
901 2242 978 2292 Petro
998 2242 1134 2293 Βοοοοεάο

373 2308 493 2360 Lutetiae
513 2327 582 2362 anno
601 2307 676 2362 1563.

219 2464 269 2522 Ex
286 2465 439 2543 triumpho
461 2466 574 2527 amoris
598 2467 754 2528 Francisci
782 2466 965 2526 Petrarchae
989 2465 1135 2544 cap.111

497 2553 529 2609 in
546 2553 622 2610 ἀπο.
665 2553 717 2610 Ex
740 2554 856 2610 Italico.

221 2627 301 2714 ἔρως
321 2629 477 2714 τόραννος,
497 2633 550 2695 καί
572 2633 743 2716 τυραννικοὶ
766 2632 856 2718 νόμοι
945 2639 971 2676 -’

262 2711 388 2798 ἔρωτος,
412 2715 492 2779 ἀλλὰ
513 2718 622 2801 καίπερ
647 2721 689 2786 ὡς
707 2719 890 2802 τυραννικοὶ,

150 2823 154 2827 “
261 2797 405 2882 τηρητέον
423 2799 464 2883 γ’.
486 2804 528 2870 ὡς
549 2803 607 2885 ἥδε
625 2807 667 2889 γῇ
686 2826 719 2865 τε
737 2803 788 2866 καὶ
808 2801 894 2870 θεοῖς

261 2883 347 2965 κοινὴ
369 2883 534 2968 κέκρανται
554 2887 606 2950 καὶ
623 2888 820 2970 παλαίφατος
842 2888 920 2972 δίκη.

262 2967 325 3030 οἶδ’
345 2971 390 3036 ὡς
412 2969 525 3053 ἑαυτῆς
545 2971 657 3055 καρδία
683 2971 827 3044 λιάζεταυ

261 3052 313 3133 καί
334 3051 388 3120 τὰς
409 3055 540 3131 στάσεις,
560 3057 612 3117 καὶ
635 3057 801 3142 συμβάσεις
826 3054 1049 3141 παλιμβόλους,

261 3136 376 3220 καὶμὴ
403 3140 555 3210 στενάζειν
580 3141 698 3224 καιρίαν
723 3139 948 3226 πεπληγμένος,

260 3220 293 3306 χ’
315 3223 357 3290 ὥς
378 3221 456 3306 αἷμα
477 3223 607 3309 φέβεται
627 3228 673 3308 πγῖ
696 3225 751 3308 μὲν
774 3223 962 3309 ἐπτοημένον

259 3301 307 3388 τῇ
331 3305 360 3367 δ’
383 3310 426 3375 ὡς
450 3305 579 3391 ἔρευθος
602 3309 816 3395 ἀμφιδέδρομε
837 3307 920 3396 χρόα

262 3389 348 3454 αἰδοῖ
364 3391 539 3473 δυσωποῦν,
558 3390 577 3478 ἧ
599 3393 814 3480 παχνυόμενον
831 3393 930 3477 φόβῳ.

261 3471 325 3536 οἶδ’
350 3477 393 3543 ὡς
415 3478 692 3564 λοχάζεικρόφιος
715 3480 746 3541 ἐν
768 3477 892 3560 θρόνοις
914 3474 993 3559 ὄφις,

259 3559 312 3625 τάς
335 3555 365 3621 τ’
388 3558 454 3623 οὔτ’
478 3562 510 3625 ἐν
533 3564 646 3642 όπνοις,
667 3562 731 3626 οὔτ’
756 3558 933 3645 ἀγρυπνίαις
959 3558 1075 3644 μόσεις,

203 3716 205 3722 Ι
259 3643 311 3705 καὶ
330 3644 382 3706 τὸν
402 3645 519 3728 θρασὺν
543 3649 597 3731 μὲν
622 3649 653 3718 ἐξ
678 3647 849 3730 ἀμηχάνων
876 3644 940 3730 βίον

262 3725 337 3804 οἶδ’,
360 3727 391 3797 ἐξ
415 3729 556 3794 ἀέλπτων
578 3733 607 3794 δ’
633 3733 762 3798 ἐλπίδας
780 3728 967 3813 σιτούμενον.
