2884 4650
572 497 724 602 ga-

213 723 214 726 ,
235 671 330 732 (iuius
353 673 450 732 adhuc
471 673 573 732 laudet
592 676 674 733 fama
694 675 828 734 tribunal
846 694 933 751 anns,

188 760 230 820 Et
249 777 341 836 grave
362 759 517 831 iudicium,
540 759 605 820 sive
627 762 703 833 cius,
727 761 780 836 qui
799 771 1029 824 movet-umam

235 843 398 918 Quaesitor
422 844 535 917 Minos,
559 848 661 903 Aeaee
683 847 748 904 sive
773 854 871 905 tuum:

190 928 306 988 Omnia
326 929 494 986 concedent
514 929 573 988 iuri
594 931 742 989 subsellia
765 939 881 1004 nostro,

233 1013 435 1090 laetitiaeque
458 1014 569 1072 erimus
590 1015 642 1072 lex
664 1017 812 1073 imitanda
831 1035 936 1075 novae.

190 1097 323 1160 Saecula
343 1097 477 1171 Saturni,
501 1099 695 1176 priscumque
715 1101 893 1160 reduximus
915 1121 1021 1163 aurum

232 1183 369 1242 Iudiciis.
393 1184 518 1245 Themis
542 1193 589 1242 est
610 1205 663 1242 ore
684 1185 786 1243 locuta
806 1206 883 1247 mcc.

188 1268 252 1327 Vos
273 1269 515 1345 conscriptorum
536 1269 666 1347 collegia
688 1270 903 1329 seriaPatrum

234 1353 358 1426 Testor,
379 1362 409 1411 et
429 1354 574 1430 auspiciis
594 1353 687 1413 Curia
707 1364 791 1412 recta
812 1357 904 1415 meis:

146 1473 150 1480 ·
189 1439 357 1512 Ecquando
376 1439 510 1496 auditum
530 1448 637 1498 nostra
656 1439 704 1498 vel
724 1440 804 1513 labe,
827 1442 875 1500 vel
897 1442 958 1501 ullo

235 1521 370 1582 Orimine
392 1532 434 1582 tot
455 1543 598 1600 proceres
622 1525 782 1584 erubuisse
800 1528 904 1584 novo?

193 1608 280 1683 Quae
301 1628 371 1666 mea
391 1609 507 1668 calcato
530 1610 680 1668 sententia
700 1611 798 1670 missa
816 1612 929 1687 pudore

234 1694 391 1752 Imminuit
410 1703 529 1752 vestrae
552 1695 618 1751 iura
637 1713 746 1752 severa
767 1697 876 1773 togae?

191 1777 267 1852 Quis
290 1799 346 1838 nos
366 1779 517 1838 vindictae
538 1780 637 1837 caecis
657 1779 790 1840 caluisse
815 1783 934 1840 notavit

233 1863 379 1936 Motibus,
401 1865 521 1924 obiecto
545 1864 594 1922 vel
612 1866 750 1940 tepuisse
771 1867 874 1923 metui

193 1948 270 2023 Quis
290 1949 407 2006 lentum
431 1949 524 2008 vidit?
544 1950 726 2009 Misercrnm
745 1958 817 2008 vota
838 1949 982 2008 clientum

233 2034 354 2092 Eventu
378 2035 460 2092 dubii
481 2035 616 2112 pendula
638 2053 732 2111 saepe
755 2035 815 2093 fori

191 2115 266 2178 Non
289 2119 378 2177 favor
400 2119 502 2192 elusit,
524 2139 583 2177 non
602 2121 742 2194 improba
763 2120 861 2196 gratia
884 2120 966 2193 vicit,

233 2203 306 2262 Non
328 2205 561 2280 frustrat[r]ices
583 2205 739 2263 detinuere
757 2224 875 2263 morae:

191 2287 262 2349 Non
284 2289 367 2349 mala
390 2291 485 2363 frans,
507 2300 536 2349 et
554 2291 628 2351 iuris
651 2291 871 2349 inextricabilis
897 2308 991 2362 error,

233 2375 305 2433 Non
325 2376 426 2454 legum
443 2376 474 2433 in
497 2377 604 2434 dubias
624 2377 754 2452 compita
776 2385 859 2435 secta
877 2375 954 2433 vias.

190 2463 233 2520 At
251 2460 363 2538 longae
386 2463 530 2539 ambages
548 2458 620 2519 litas
643 2480 682 2518 ex
706 2461 759 2519 lita
780 2467 958 2538 propagant,

232 2546 273 2605 Et
295 2546 379 2605 fraus
402 2548 565 2606 succrescit
580 2546 737 2604 fraudibus
759 2554 824 2603 arte
845 2546 935 2603 mala.

191 2631 239 2690 Ah
264 2632 364 2689 valeat
384 2650 579 2709 quaecunque
601 2629 669 2689 viae
693 2632 875 2708 compendia
894 2630 1000 2703 nescit,

233 2716 436 2793 Pragmaticis
456 2718 570 2775 nullum
592 2736 706 2793 ponere
728 2717 816 2773 docta
838 2716 968 2788 modum,

191 2800 255 2861 Sed
275 2802 357 2859 male
378 2802 519 2860 iudicium
542 2802 651 2876 differt,
675 2820 710 2859 ac
733 2802 824 2859 surda
845 2809 979 2860 moratur

233 2885 309 2945 Non
331 2898 454 2945 exorata
475 2888 557 2945 curia
576 2886 680 2947 clausa
695 2880 782 2959 'sera

191 2970 321 3049 Dignior
342 2974 464 3050 ignaras
487 2974 576 3049 aequi
589 2992 674 3049 xquae
696 2980 844 3049 temperet
864 2973 971 3044 urbes²

233 3057 337 3115 Ponat
358 3059 439 3116 etin
462 3056 602 3135 Scythico
625 3059 754 3135 barbara
774 3058 842 3115 iura
866 3058 945 3115 foro.

193 3140 348 3202 Sedulitas
370 3164 431 3201 una
449 3152 497 3202 est
519 3144 680 3202 clementia
700 3142 808 3201 iudicis
830 3144 930 3218 aequi,

235 3225 373 3287 Saevitia
389 3238 443 3288 est
464 3228 604 3305 quicquid
628 3237 729 3288 cessat
748 3229 786 3286 ab
807 3228 917 3286 officio.

191 3313 249 3371 Ille
269 3332 372 3372 moras
395 3314 507 3391 legum,
531 3322 561 3371 et
581 3314 654 3373 iuris
673 3313 842 3372 retinacula
862 3316 991 3386 rumpat,

236 3398 367 3459 Sedulus
388 3400 528 3476 exemplo
552 3400 603 3475 qui
621 3400 704 3459 volet
725 3416 795 3458 esse
815 3417 895 3455 meo.

191 3481 350 3543 Hactenus
374 3485 518 3543 excubiae
540 3484 656 3561 populi.
677 3486 795 3561 privata
815 3488 976 3558 supersunt

234 3570 349 3642 Mania,
368 3579 398 3628 et
420 3572 585 3629 instructae
609 3571 716 3629 sedula
738 3587 810 3625 cura
831 3566 946 3624 domus.

191 3652 265 3713 Non
286 3656 361 3712 mihi
383 3656 514 3715 conscivi
537 3654 697 3728 maculam,
722 3670 782 3728 qua
803 3670 926 3724 nomeu,
948 3657 979 3709 et
992 3651 1081 3727 ipsos

234 3740 331 3799 Fama
350 3760 437 3801 meos
459 3759 556 3801 mores
580 3741 702 3800 decolor
721 3737 786 3795 ulla
807 3745 900 3798 notet.
