2884 4650
565 270 716 366 Q„-

186 434 355 512 Statimque
377 435 486 514 volgus
506 439 597 498 armis

186 521 286 581 Omne
306 521 477 579 confodiant
499 542 556 581 me.

187 605 259 663 Teo.
302 605 371 665 Vah
391 606 520 666 misera:
543 609 621 668 talos
644 629 818 688 marumum
839 629 927 670 voces
950 613 1045 672 virum
1096 616 1147 670 410

185 690 311 764 Efflam,
335 709 412 768 quas
435 710 494 750 nec
513 712 606 752 ausus
630 701 712 756 esset
734 696 885 754 antehac?

465 777 493 835 4.
516 778 709 856 Antictroplra
727 779 817 840 XVI.

186 860 235 917 Αἰ.
278 859 378 918 Fluvii
397 861 538 936 mariflui,
559 872 588 921 et
609 865 761 924 maritima
780 875 877 938 antra,

186 945 226 1003 Et
245 943 395 1004 littoreum
417 947 477 1004 hoc
494 967 612 1023 nemus,

185 1029 248 1090 Diu
268 1030 321 1087 diu
342 1049 390 1086 me
410 1031 480 1108 plus
505 1034 580 1093 satia
643 1089 646 1094 ,

187 1114 313 1173 Tenetis
336 1121 406 1172 ante
426 1116 559 1177 Troiam.

185 1199 308 1258 Atenim
327 1200 407 1257 haud
428 1201 541 1270 lumine
563 1221 641 1260 com·

187 1292 305 1361 ·p0tem
329 1284 458 1361 amplius
480 1287 591 1346 licebit.

188 1368 319 1429 Credere
339 1370 398 1427 hoc
419 1381 509 1449 neget
529 1392 629 1431 nemo.

187 1455 216 1515 0
239 1453 434 1528 Scamander,
456 1457 508 1530 qui
529 1458 688 1535 proximus
710 1457 779 1515 fluis

184 1538 358 1599 Benevolns
380 1540 520 1618 Argivis:

185 1625 261 1685 Non
283 1625 415 1685 treberis

185 1710 328 1787 Amplius
347 1710 444 1768 virum
465 1711 544 1770 hunc

186 1795 314 1871 (Dicere
336 1789 404 1854 non'
420 1798 562 1873 verebor)
586 1816 639 1868 e17

186 1881 300 1953 -arciti,
325 1883 469 1955 omniurn,

186 1966 273 2042 Quos
296 1965 392 2024 Troia
412 1967 497 2039 vidit,
521 1974 674 2043 optumum

187 2051 385 2112 Graecanicis
410 2053 527 2112 ataine
549 2051 610 2110 ullo

185 2135 279 2196 Nunc
299 2137 414 2195 honore
435 2137 594 2196 iacentem.

187 2220 244 2282 Ch.
287 2219 355 2278 Nec
376 2223 606 2300 comprimendi,
627 2239 683 2278 neo
705 2219 878 2277 remittendi
898 2222 953 2294 tui,

185 2306 292 2367 Ullum
314 2307 432 2367 modum
453 2308 564 2368 habeo:
588 2313 674 2366 tanta
694 2312 722 2363 te
745 2305 921 2365 incumbunt
939 2307 1029 2365 mala.

186 2392 238 2451 Ai.
283 2393 332 2465 Αἰ,
353 2393 394 2467 ai,
418 2395 485 2469 quis
507 2412 638 2468 unquam
660 2399 704 2450 tot
724 2407 824 2447 meum
843 2395 1023 2470 ¹cognomine

186 2478 267 2537 Meis
290 2486 430 2555 putasset
451 2480 612 2538 concinere
634 2494 743 2535 nomen
761 2476 873 2541 malis?

186 2563 240 2635 Ai,
261 2562 290 2619 ai
308 2562 380 2621 licet
401 2584 480 2622 nunc
502 2564 644 2642 proloqui
665 2562 724 2634 bis,
747 2568 794 2618 ter
815 2562 898 2620 mihi.

186 2647 271 2707 Nam
293 2668 341 2707 me
364 2650 509 2707 maiorum
530 2658 614 2708 tanta
636 2648 800 2705 circunstat
814 2649 936 2708 cohors.

188 2730 284 2793 Cuius
303 2744 390 2811 pater
410 2754 551 2795 reversus
575 2736 613 2793 ab
637 2732 750 2791 Troiae
771 2733 827 2790 hoc
849 2734 917 2793 solo

186 2818 324 2878 Domum
342 2820 451 2879 redivit
472 2828 588 2879 mactus
612 2819 695 2878 omni
717 2818 838 2886 adorea

187 2904 257 2981 Ego
283 2913 382 2963 autern
405 2907 512 2965 eodem
533 2914 634 2978 natus,
652 2905 690 2963 ad
712 2904 840 2962 eundem
862 2906 960 2964 locum

186 2988 363 3065 Profectus,
377 2991 493 3051 ‘iisdem
515 2992 628 3050 viribus
652 3010 715 3049 non
736 2990 887 3067 indigens,

188 3072 251 3147 Qui
272 3094 329 3133 neo
349 3077 464 3136 minora
486 3084 575 3153 patre
597 3074 718 3153 patravi
737 3094 839 3147 mann,

188 3159 262 3218 Heu
283 3180 375 3237 pereo
397 3162 436 3219 ad
458 3162 550 3221 istum
570 3162 733 3221 inhonorus
751 3160 872 3238 Argivis
894 3159 1027 3219 modum.

189 3243 254 3306 Sed
275 3246 335 3305 hoc
354 3248 415 3307 scio
437 3248 518 3307 haud
538 3247 687 3307 obnoxie:
714 3244 742 3305 si
763 3245 801 3301 de
823 3244 887 3303 suis

188 3330 308 3390 Vivens
332 3332 470 3393 Achilles
494 3341 599 3410 captus
621 3332 713 3390 armis
735 3330 848 3387 arbiter

188 3414 378 3475 Palmarium
394 3418 513 3477 virtutis
534 3417 626 3476 alicui
649 3415 812 3486 addiceret,

188 3499 292 3561 Nemo
312 3502 491 3565 abstulisset
513 3503 567 3561 illa
585 3510 655 3561 tunc
677 3518 776 3561 meam
794 3499 898 3559 vicem.

553 4244 1359 4515 &Q
