<?xml version="1.0" encoding="UTF-8"?>
<!DOCTYPE html PUBLIC "-//W3C//DTD XHTML 1.0 Transitional//EN"
    "http://www.w3.org/TR/xhtml1/DTD/xhtml1-transitional.dtd">
<html xmlns="http://www.w3.org/1999/xhtml" xml:lang="en" lang="en">
 <head>
  <title>
</title>
<meta http-equiv="Content-Type" content="text/html;charset=utf-8" />
  <meta name='ocr-system' content='tesseract 3.04.00' />
  <meta name='ocr-capabilities' content='ocr_page ocr_carea ocr_par ocr_line ocrx_word'/>
</head>
<body>
  <div class='ocr_page' id='page_1' title='image "./poemataomnia00scalgoog_0360.png"; bbox 0 0 2884 4650; ppageno 0'>
   <div class='ocr_carea' id='block_1_1' title="bbox 580 556 733 652">
    <p class='ocr_par' dir='ltr' id='par_1_1' title="bbox 580 553 733 652">
     <span class='ocr_line' id='line_1_1' title="bbox 580 556 733 652; baseline -0.013 -37"><span class='ocrx_word' id='word_1_1' title='bbox 580 556 733 652; x_wconf 35' lang='grc' dir='ltr'>*ψ*</span> 
     </span>
    </p>
   </div>
   <div class='ocr_carea' id='block_1_2' title="bbox 201 721 1100 1058">
    <p class='ocr_par' dir='ltr' id='par_1_2' title="bbox 201 721 1100 974">
     <span class='ocr_line' id='line_1_2' title="bbox 201 721 1100 785; baseline -0.004 0"><span class='ocrx_word' id='word_1_2' title='bbox 201 725 276 785; x_wconf 82' lang='lat' dir='ltr'>Teu.</span> <span class='ocrx_word' id='word_1_3' title='bbox 319 725 504 785; x_wconf 81' lang='lat' dir='ltr'>illiberalem</span> <span class='ocrx_word' id='word_1_4' title='bbox 524 725 688 784; x_wconf 86' lang='lat' dir='ltr'>nonenim</span> <span class='ocrx_word' id='word_1_5' title='bbox 711 724 806 781; x_wconf 84' lang='lat' dir='ltr'>artem</span> <span class='ocrx_word' id='word_1_6' title='bbox 828 741 995 782; x_wconf 84' lang='lat' dir='ltr'>exerceo..</span> <span class='ocrx_word' id='word_1_7' title='bbox 1096 721 1100 729; x_wconf 87' lang='grc'><strong>’</strong></span> 
     </span>
     <span class='ocr_line' id='line_1_3' title="bbox 201 807 1098 886; baseline -0.006 -16"><span class='ocrx_word' id='word_1_8' title='bbox 201 813 284 878; x_wconf 62' lang='lat' dir='ltr'>Meu„</span> <span class='ocrx_word' id='word_1_9' title='bbox 324 811 359 872; x_wconf 85' lang='lat' dir='ltr'>si</span> <span class='ocrx_word' id='word_1_10' title='bbox 382 819 500 870; x_wconf 89' lang='lat' dir='ltr'>scutum</span> <span class='ocrx_word' id='word_1_11' title='bbox 522 811 663 882; x_wconf 80' lang='lat' dir='ltr'>haberes,</span> <span class='ocrx_word' id='word_1_12' title='bbox 684 808 834 886; x_wconf 76' lang='lat' dir='ltr'>gloriatus</span> <span class='ocrx_word' id='word_1_13' title='bbox 858 808 983 867; x_wconf 82' lang='lat' dir='ltr'>scilicet.</span> <span class='ocrx_word' id='word_1_14' title='bbox 1089 807 1098 847; x_wconf 43' lang='grc' dir='ltr'>ι’</span> 
     </span>
     <span class='ocr_line' id='line_1_4' title="bbox 202 892 976 974; baseline -0.003 -20"><span class='ocrx_word' id='word_1_15' title='bbox 202 896 275 955; x_wconf 84' lang='lat' dir='ltr'>Teu.</span> <span class='ocrx_word' id='word_1_16' title='bbox 320 895 519 974; x_wconf 83' lang='lat' dir='ltr'>Congrediar‚</span> <span class='ocrx_word' id='word_1_17' title='bbox 542 896 632 953; x_wconf 89' lang='lat' dir='ltr'>etiam</span> <span class='ocrx_word' id='word_1_18' title='bbox 653 893 750 966; x_wconf 86' lang='lat' dir='ltr'>veles,</span> <span class='ocrx_word' id='word_1_19' title='bbox 767 898 889 952; x_wconf 87' lang='lat' dir='ltr'>armato</span> <span class='ocrx_word' id='word_1_20' title='bbox 913 892 976 952; x_wconf 90' lang='lat' dir='ltr'>tibi.</span> 
     </span>
    </p>

    <p class='ocr_par' dir='ltr' id='par_1_3' title="bbox 201 976 1082 1058">
     <span class='ocr_line' id='line_1_5' title="bbox 201 976 1082 1058; baseline -0.011 -15"><span class='ocrx_word' id='word_1_21' title='bbox 201 983 280 1044; x_wconf 82' lang='lat' dir='ltr'>Men.</span> <span class='ocrx_word' id='word_1_22' title='bbox 325 983 425 1057; x_wconf 78' lang='lat' dir='ltr'>Quam</span> <span class='ocrx_word' id='word_1_23' title='bbox 446 980 546 1058; x_wconf 84' lang='lat' dir='ltr'>pascit</span> <span class='ocrx_word' id='word_1_24' title='bbox 567 998 652 1039; x_wconf 86' lang='lat' dir='ltr'>acres</span> <span class='ocrx_word' id='word_1_25' title='bbox 676 979 782 1056; x_wconf 83' lang='lat' dir='ltr'>lingua</span> <span class='ocrx_word' id='word_1_26' title='bbox 803 978 928 1054; x_wconf 86' lang='lat' dir='ltr'>spiritus</span> <span class='ocrx_word' id='word_1_27' title='bbox 950 986 1012 1035; x_wconf 83' lang='lat' dir='ltr'>tua.</span> <span class='ocrx_word' id='word_1_28' title='bbox 1080 976 1082 981; x_wconf 79' lang='grc'>’</span> 
     </span>
    </p>
   </div>
   <div class='ocr_carea' id='block_1_3' title="bbox 202 1063 1267 1140">
    <p class='ocr_par' dir='ltr' id='par_1_4' title="bbox 202 1063 1267 1140">
     <span class='ocr_line' id='line_1_6' title="bbox 202 1063 1267 1140; baseline -0.007 -16"><span class='ocrx_word' id='word_1_29' title='bbox 202 1067 276 1125; x_wconf 86' lang='lat' dir='ltr'>Teu.</span> <span class='ocrx_word' id='word_1_30' title='bbox 319 1066 446 1125; x_wconf 76' lang='lat' dir='ltr'>Fiducia</span> <span class='ocrx_word' id='word_1_31' title='bbox 466 1065 554 1140; x_wconf 85' lang='lat' dir='ltr'>aequi</span> <span class='ocrx_word' id='word_1_32' title='bbox 572 1065 681 1124; x_wconf 81' lang='lat' dir='ltr'>tollere</span> <span class='ocrx_word' id='word_1_33' title='bbox 701 1064 817 1122; x_wconf 89' lang='lat' dir='ltr'>animos</span> <span class='ocrx_word' id='word_1_34' title='bbox 840 1063 888 1122; x_wconf 81' lang='lat' dir='ltr'>fas</span> <span class='ocrx_word' id='word_1_35' title='bbox 911 1063 995 1121; x_wconf 87' lang='lat' dir='ltr'>mihi.</span> <span class='ocrx_word' id='word_1_36' title='bbox 1092 1065 1179 1119; x_wconf 71' lang='lat'><strong>&#39;1125</strong></span> <span class='ocrx_word' id='word_1_37' title='bbox 1262 1103 1267 1111; x_wconf 61' lang='grc'><strong><em>»</em></strong></span> 
     </span>
    </p>
   </div>
   <div class='ocr_carea' id='block_1_4' title="bbox 159 1147 1181 3439">
    <p class='ocr_par' dir='ltr' id='par_1_5' title="bbox 201 1147 1059 1228">
     <span class='ocr_line' id='line_1_7' title="bbox 201 1147 1059 1228; baseline -0.007 -18"><span class='ocrx_word' id='word_1_38' title='bbox 201 1153 280 1210; x_wconf 87' lang='lat' dir='ltr'>Men.</span> <span class='ocrx_word' id='word_1_39' title='bbox 324 1152 385 1210; x_wconf 82' lang='lat' dir='ltr'>Fas</span> <span class='ocrx_word' id='word_1_40' title='bbox 404 1169 515 1228; x_wconf 85' lang='lat' dir='ltr'>nempe</span> <span class='ocrx_word' id='word_1_41' title='bbox 535 1151 669 1208; x_wconf 85' lang='lat' dir='ltr'>stillum</span> <span class='ocrx_word' id='word_1_42' title='bbox 690 1168 740 1207; x_wconf 93' lang='lat' dir='ltr'>me</span> <span class='ocrx_word' id='word_1_43' title='bbox 758 1155 922 1225; x_wconf 78' lang='lat' dir='ltr'>perempte</span> <span class='ocrx_word' id='word_1_44' title='bbox 937 1147 1059 1206; x_wconf 80' lang='lat' dir='ltr'>vivere?</span> 
     </span>
    </p>

    <p class='ocr_par' dir='ltr' id='par_1_6' title="bbox 202 1234 1034 1312">
     <span class='ocr_line' id='line_1_8' title="bbox 202 1234 1034 1312; baseline -0.002 -17"><span class='ocrx_word' id='word_1_45' title='bbox 202 1237 277 1295; x_wconf 87' lang='lat' dir='ltr'>Teu.</span> <span class='ocrx_word' id='word_1_46' title='bbox 322 1236 399 1294; x_wconf 84' lang='lat' dir='ltr'>Hui!</span> <span class='ocrx_word' id='word_1_47' title='bbox 422 1235 603 1312; x_wconf 84' lang='lat' dir='ltr'>perempto?</span> <span class='ocrx_word' id='word_1_48' title='bbox 624 1234 701 1293; x_wconf 86' lang='lat' dir='ltr'>vivis</span> <span class='ocrx_word' id='word_1_49' title='bbox 722 1252 794 1310; x_wconf 83' lang='lat' dir='ltr'>crgo</span> <span class='ocrx_word' id='word_1_50' title='bbox 813 1241 958 1293; x_wconf 89' lang='lat' dir='ltr'>mortuus.</span> <span class='ocrx_word' id='word_1_51' title='bbox 1031 1255 1034 1261; x_wconf 83' lang='grc'><strong>’</strong></span> 
     </span>
    </p>

    <p class='ocr_par' dir='ltr' id='par_1_7' title="bbox 200 1317 1048 1398">
     <span class='ocr_line' id='line_1_9' title="bbox 200 1317 1048 1398; baseline -0.005 -20"><span class='ocrx_word' id='word_1_52' title='bbox 200 1323 280 1379; x_wconf 87' lang='lat' dir='ltr'>Meu.</span> <span class='ocrx_word' id='word_1_53' title='bbox 323 1323 373 1379; x_wconf 91' lang='lat' dir='ltr'>Mc</span> <span class='ocrx_word' id='word_1_54' title='bbox 394 1321 583 1398; x_wconf 85' lang='lat' dir='ltr'>sospitarunt</span> <span class='ocrx_word' id='word_1_55' title='bbox 600 1319 739 1378; x_wconf 84' lang='lat' dir='ltr'>numina:</span> <span class='ocrx_word' id='word_1_56' title='bbox 759 1318 829 1375; x_wconf 92' lang='lat' dir='ltr'>huic</span> <span class='ocrx_word' id='word_1_57' title='bbox 849 1338 922 1377; x_wconf 85' lang='lat' dir='ltr'>vero</span> <span class='ocrx_word' id='word_1_58' title='bbox 942 1317 1048 1377; x_wconf 90' lang='lat' dir='ltr'>occidi.</span> 
     </span>
    </p>

    <p class='ocr_par' dir='ltr' id='par_1_8' title="bbox 202 1404 997 1482">
     <span class='ocr_line' id='line_1_10' title="bbox 202 1404 997 1482; baseline -0.003 -19"><span class='ocrx_word' id='word_1_59' title='bbox 202 1405 276 1464; x_wconf 86' lang='lat' dir='ltr'>Teu.</span> <span class='ocrx_word' id='word_1_60' title='bbox 320 1405 388 1465; x_wconf 89' lang='lat' dir='ltr'>Diis</span> <span class='ocrx_word' id='word_1_61' title='bbox 412 1405 579 1482; x_wconf 81' lang='lat' dir='ltr'>sospitatus</span> <span class='ocrx_word' id='word_1_62' title='bbox 605 1424 677 1482; x_wconf 86' lang='lat' dir='ltr'>ergo</span> <span class='ocrx_word' id='word_1_63' title='bbox 702 1423 742 1462; x_wconf 88' lang='lat' dir='ltr'>nc</span> <span class='ocrx_word' id='word_1_64' title='bbox 762 1410 879 1462; x_wconf 81' lang='lat' dir='ltr'>temnas</span> <span class='ocrx_word' id='word_1_65' title='bbox 899 1404 997 1463; x_wconf 88' lang='lat' dir='ltr'>Deos.</span> 
     </span>
    </p>

    <p class='ocr_par' dir='ltr' id='par_1_9' title="bbox 166 1487 1181 1647">
     <span class='ocr_line' id='line_1_11' title="bbox 166 1487 1181 1568; baseline -0.002 -19"><span class='ocrx_word' id='word_1_66' title='bbox 166 1529 169 1534; x_wconf 94' lang='lat'>-</span> <span class='ocrx_word' id='word_1_67' title='bbox 200 1493 281 1549; x_wconf 86' lang='lat' dir='ltr'>Men.</span> <span class='ocrx_word' id='word_1_68' title='bbox 324 1491 419 1568; x_wconf 86' lang='lat' dir='ltr'>Egon’</span> <span class='ocrx_word' id='word_1_69' title='bbox 438 1509 594 1566; x_wconf 86' lang='lat' dir='ltr'>supremas</span> <span class='ocrx_word' id='word_1_70' title='bbox 615 1497 782 1548; x_wconf 85' lang='lat' dir='ltr'>temnerem</span> <span class='ocrx_word' id='word_1_71' title='bbox 803 1487 887 1566; x_wconf 83' lang='lat' dir='ltr'>leges</span> <span class='ocrx_word' id='word_1_72' title='bbox 911 1488 1033 1547; x_wconf 79' lang='lat' dir='ltr'>Deum?</span> <span class='ocrx_word' id='word_1_73' title='bbox 1113 1492 1181 1547; x_wconf 81' lang='lat'>1130</span> 
     </span>
     <span class='ocr_line' id='line_1_12' title="bbox 204 1575 925 1647; baseline -0.003 -13"><span class='ocrx_word' id='word_1_74' title='bbox 204 1576 278 1634; x_wconf 87' lang='lat' dir='ltr'>Teu.</span> <span class='ocrx_word' id='word_1_75' title='bbox 322 1576 380 1647; x_wconf 78' lang='lat' dir='ltr'>Ita,</span> <span class='ocrx_word' id='word_1_76' title='bbox 400 1577 426 1636; x_wconf 84' lang='lat' dir='ltr'>si</span> <span class='ocrx_word' id='word_1_77' title='bbox 443 1585 561 1634; x_wconf 87' lang='lat' dir='ltr'>vetares</span> <span class='ocrx_word' id='word_1_78' title='bbox 581 1581 718 1634; x_wconf 85' lang='lat' dir='ltr'>mortuos</span> <span class='ocrx_word' id='word_1_79' title='bbox 740 1575 925 1632; x_wconf 87' lang='lat' dir='ltr'>tumularier.</span> 
     </span>
    </p>

    <p class='ocr_par' dir='ltr' id='par_1_10' title="bbox 200 1653 1180 2074">
     <span class='ocr_line' id='line_1_13' title="bbox 201 1653 1089 1737; baseline 0.001 -19"><span class='ocrx_word' id='word_1_80' title='bbox 201 1662 282 1719; x_wconf 89' lang='lat' dir='ltr'>Meu.</span> <span class='ocrx_word' id='word_1_81' title='bbox 326 1653 414 1719; x_wconf 81' lang='lat' dir='ltr'>Meos</span> <span class='ocrx_word' id='word_1_82' title='bbox 439 1668 508 1719; x_wconf 91' lang='lat' dir='ltr'>veto</span> <span class='ocrx_word' id='word_1_83' title='bbox 532 1661 634 1718; x_wconf 89' lang='lat' dir='ltr'>hostes</span> <span class='ocrx_word' id='word_1_84' title='bbox 655 1659 738 1737; x_wconf 88' lang='lat' dir='ltr'>ipse:</span> <span class='ocrx_word' id='word_1_85' title='bbox 766 1659 931 1718; x_wconf 90' lang='lat' dir='ltr'>nonenim</span> <span class='ocrx_word' id='word_1_86' title='bbox 954 1660 1089 1719; x_wconf 81' lang='lat' dir='ltr'>addecet.</span> 
     </span>
     <span class='ocr_line' id='line_1_14' title="bbox 202 1745 1090 1821; baseline 0 -17"><span class='ocrx_word' id='word_1_87' title='bbox 202 1745 277 1804; x_wconf 89' lang='lat' dir='ltr'>Teu.</span> <span class='ocrx_word' id='word_1_88' title='bbox 321 1746 459 1820; x_wconf 83' lang='lat' dir='ltr'><strong>Unquam</strong></span> <span class='ocrx_word' id='word_1_89' title='bbox 479 1745 534 1804; x_wconf 86' lang='lat' dir='ltr'>tibi</span> <span class='ocrx_word' id='word_1_90' title='bbox 552 1746 635 1804; x_wconf 84' lang='lat' dir='ltr'><strong>Aiax</strong></span> <span class='ocrx_word' id='word_1_91' title='bbox 655 1752 777 1821; x_wconf 89' lang='lat' dir='ltr'>pectore</span> <span class='ocrx_word' id='word_1_92' title='bbox 799 1745 931 1803; x_wconf 86' lang='lat' dir='ltr'>advorso</span> <span class='ocrx_word' id='word_1_93' title='bbox 951 1746 1090 1804; x_wconf 78' lang='lat' dir='ltr'>obstitit?</span> 
     </span>
     <span class='ocr_line' id='line_1_15' title="bbox 200 1829 1090 1906; baseline -0.001 -17"><span class='ocrx_word' id='word_1_94' title='bbox 200 1833 281 1889; x_wconf 91' lang='lat' dir='ltr'>Men.</span> <span class='ocrx_word' id='word_1_95' title='bbox 324 1831 394 1890; x_wconf 83' lang='lat' dir='ltr'><strong>Fuit</strong></span> <span class='ocrx_word' id='word_1_96' title='bbox 414 1831 512 1889; x_wconf 89' lang='lat' dir='ltr'>hostis</span> <span class='ocrx_word' id='word_1_97' title='bbox 534 1831 623 1902; x_wconf 78' lang='lat' dir='ltr'>hosti,</span> <span class='ocrx_word' id='word_1_98' title='bbox 647 1829 730 1904; x_wconf 88' lang='lat' dir='ltr'>quod</span> <span class='ocrx_word' id='word_1_99' title='bbox 752 1830 808 1886; x_wconf 88' lang='lat' dir='ltr'>tibi</span> <span class='ocrx_word' id='word_1_100' title='bbox 829 1836 860 1886; x_wconf 85' lang='lat' dir='ltr'>et</span> <span class='ocrx_word' id='word_1_101' title='bbox 877 1849 1005 1906; x_wconf 85' lang='lat' dir='ltr'>gnarmn</span> <span class='ocrx_word' id='word_1_102' title='bbox 1023 1832 1090 1889; x_wconf 86' lang='lat' dir='ltr'>fuit.</span> 
     </span>
     <span class='ocr_line' id='line_1_16' title="bbox 202 1912 1180 1992; baseline 0 -18"><span class='ocrx_word' id='word_1_103' title='bbox 202 1915 277 1974; x_wconf 89' lang='lat' dir='ltr'>Teu.</span> <span class='ocrx_word' id='word_1_104' title='bbox 320 1914 400 1977; x_wconf 86' lang='lat' dir='ltr'>Nam</span> <span class='ocrx_word' id='word_1_105' title='bbox 423 1934 510 1990; x_wconf 91' lang='lat' dir='ltr'>quem</span> <span class='ocrx_word' id='word_1_106' title='bbox 534 1915 638 1973; x_wconf 89' lang='lat' dir='ltr'>doloso</span> <span class='ocrx_word' id='word_1_107' title='bbox 661 1912 808 1990; x_wconf 80' lang='lat' dir='ltr'>clepseris</span> <span class='ocrx_word' id='word_1_108' title='bbox 832 1914 988 1992; x_wconf 82' lang='lat' dir='ltr'>suffragio.</span> <span class='ocrx_word' id='word_1_109' title='bbox 1113 1920 1180 1974; x_wconf 80' lang='lat'>1¹35</span> 
     </span>
     <span class='ocr_line' id='line_1_17' title="bbox 200 1998 999 2074; baseline -0.003 -15"><span class='ocrx_word' id='word_1_110' title='bbox 200 2003 281 2059; x_wconf 88' lang='lat' dir='ltr'>Men.</span> <span class='ocrx_word' id='word_1_111' title='bbox 325 2000 411 2060; x_wconf 87' lang='lat' dir='ltr'>Haec</span> <span class='ocrx_word' id='word_1_112' title='bbox 431 2001 609 2058; x_wconf 87' lang='lat' dir='ltr'>arbitrorum</span> <span class='ocrx_word' id='word_1_113' title='bbox 629 1999 693 2056; x_wconf 85' lang='lat' dir='ltr'>lata</span> <span class='ocrx_word' id='word_1_114' title='bbox 713 1998 814 2074; x_wconf 77' lang='lat' dir='ltr'>eulpa,</span> <span class='ocrx_word' id='word_1_115' title='bbox 836 2018 900 2057; x_wconf 88' lang='lat' dir='ltr'>non</span> <span class='ocrx_word' id='word_1_116' title='bbox 922 2019 999 2057; x_wconf 87' lang='lat' dir='ltr'>mea.</span> 
     </span>
    </p>

    <p class='ocr_par' dir='ltr' id='par_1_11' title="bbox 201 2083 1033 2160">
     <span class='ocr_line' id='line_1_18' title="bbox 201 2083 1033 2160; baseline -0.002 -16"><span class='ocrx_word' id='word_1_117' title='bbox 201 2086 277 2144; x_wconf 87' lang='lat' dir='ltr'>Teu.</span> <span class='ocrx_word' id='word_1_118' title='bbox 320 2085 468 2160; x_wconf 88' lang='lat' dir='ltr'>Perplura</span> <span class='ocrx_word' id='word_1_119' title='bbox 489 2085 595 2143; x_wconf 87' lang='lat' dir='ltr'>fraude</span> <span class='ocrx_word' id='word_1_120' title='bbox 613 2083 735 2142; x_wconf 82' lang='lat' dir='ltr'>frausus</span> <span class='ocrx_word' id='word_1_121' title='bbox 759 2103 792 2142; x_wconf 89' lang='lat' dir='ltr'>es</span> <span class='ocrx_word' id='word_1_122' title='bbox 812 2083 920 2142; x_wconf 89' lang='lat' dir='ltr'>voleus</span> <span class='ocrx_word' id='word_1_123' title='bbox 942 2084 1033 2143; x_wconf 87' lang='lat' dir='ltr'>mala.</span> 
     </span>
    </p>

    <p class='ocr_par' dir='ltr' id='par_1_12' title="bbox 200 2168 968 2246">
     <span class='ocr_line' id='line_1_19' title="bbox 200 2168 968 2246; baseline -0.003 -17"><span class='ocrx_word' id='word_1_124' title='bbox 200 2172 281 2229; x_wconf 84' lang='lat' dir='ltr'>Men.</span> <span class='ocrx_word' id='word_1_125' title='bbox 325 2170 461 2228; x_wconf 85' lang='lat' dir='ltr'>Alicuius</span> <span class='ocrx_word' id='word_1_126' title='bbox 487 2171 619 2228; x_wconf 84' lang='lat' dir='ltr'>animum</span> <span class='ocrx_word' id='word_1_127' title='bbox 641 2169 749 2246; x_wconf 87' lang='lat' dir='ltr'>pungit</span> <span class='ocrx_word' id='word_1_128' title='bbox 766 2168 843 2226; x_wconf 83' lang='lat' dir='ltr'>haec</span> <span class='ocrx_word' id='word_1_129' title='bbox 863 2170 968 2228; x_wconf 86' lang='lat' dir='ltr'>oratio.</span> 
     </span>
    </p>

    <p class='ocr_par' dir='ltr' id='par_1_13' title="bbox 200 2254 1181 2486">
     <span class='ocr_line' id='line_1_20' title="bbox 200 2254 1112 2333; baseline -0.003 -19"><span class='ocrx_word' id='word_1_130' title='bbox 200 2256 277 2314; x_wconf 87' lang='lat' dir='ltr'>Teu.</span> <span class='ocrx_word' id='word_1_131' title='bbox 320 2254 393 2314; x_wconf 91' lang='lat' dir='ltr'>Non</span> <span class='ocrx_word' id='word_1_132' title='bbox 408 2264 480 2329; x_wconf 77' lang='lat' dir='ltr'>tam,</span> <span class='ocrx_word' id='word_1_133' title='bbox 493 2262 527 2312; x_wconf 95' lang='lat' dir='ltr'>ut</span> <span class='ocrx_word' id='word_1_134' title='bbox 538 2255 665 2327; x_wconf 81' lang='lat' dir='ltr'>videtur,</span> <span class='ocrx_word' id='word_1_135' title='bbox 680 2273 770 2331; x_wconf 91' lang='lat' dir='ltr'>quam</span> <span class='ocrx_word' id='word_1_136' title='bbox 781 2261 812 2311; x_wconf 92' lang='lat' dir='ltr'>te</span> <span class='ocrx_word' id='word_1_137' title='bbox 825 2273 881 2333; x_wconf 82' lang='lat' dir='ltr'>ego</span> <span class='ocrx_word' id='word_1_138' title='bbox 893 2273 1026 2333; x_wconf 84' lang='lat' dir='ltr'>pungam</span> <span class='ocrx_word' id='word_1_139' title='bbox 1034 2273 1112 2312; x_wconf 84' lang='lat' dir='ltr'>mea.</span> 
     </span>
     <span class='ocr_line' id='line_1_21' title="bbox 200 2339 1181 2416; baseline 0 -15"><span class='ocrx_word' id='word_1_140' title='bbox 200 2344 282 2401; x_wconf 91' lang='lat' dir='ltr'>Meu.</span> <span class='ocrx_word' id='word_1_141' title='bbox 325 2342 425 2401; x_wconf 90' lang='lat' dir='ltr'>Unum</span> <span class='ocrx_word' id='word_1_142' title='bbox 444 2342 574 2416; x_wconf 88' lang='lat' dir='ltr'>eloquar.</span> <span class='ocrx_word' id='word_1_143' title='bbox 589 2339 782 2398; x_wconf 89' lang='lat' dir='ltr'>tumulandus</span> <span class='ocrx_word' id='word_1_144' title='bbox 793 2340 842 2398; x_wconf 92' lang='lat' dir='ltr'>hic</span> <span class='ocrx_word' id='word_1_145' title='bbox 854 2340 939 2399; x_wconf 88' lang='lat' dir='ltr'>nullo</span> <span class='ocrx_word' id='word_1_146' title='bbox 951 2342 1037 2399; x_wconf 87' lang='lat' dir='ltr'>modo</span> <span class='ocrx_word' id='word_1_147' title='bbox 1053 2348 1181 2401; x_wconf 78' lang='lat' dir='ltr'>esttlio</span> 
     </span>
     <span class='ocr_line' id='line_1_22' title="bbox 201 2425 1111 2486; baseline -0.003 0"><span class='ocrx_word' id='word_1_148' title='bbox 201 2428 277 2486; x_wconf 88' lang='lat' dir='ltr'>Teu.</span> <span class='ocrx_word' id='word_1_149' title='bbox 321 2427 401 2486; x_wconf 83' lang='lat' dir='ltr'>Audi</span> <span class='ocrx_word' id='word_1_150' title='bbox 421 2427 556 2485; x_wconf 86' lang='lat' dir='ltr'>vicissim</span> <span class='ocrx_word' id='word_1_151' title='bbox 577 2435 607 2484; x_wconf 93' lang='lat' dir='ltr'>et</span> <span class='ocrx_word' id='word_1_152' title='bbox 621 2434 653 2483; x_wconf 92' lang='lat' dir='ltr'>tu</span> <span class='ocrx_word' id='word_1_153' title='bbox 669 2425 765 2484; x_wconf 88' lang='lat' dir='ltr'>istud:</span> <span class='ocrx_word' id='word_1_154' title='bbox 788 2426 867 2483; x_wconf 85' lang='lat' dir='ltr'>huuc</span> <span class='ocrx_word' id='word_1_155' title='bbox 887 2426 1111 2485; x_wconf 90' lang='lat' dir='ltr'>tumulabimus.</span> 
     </span>
    </p>

    <p class='ocr_par' dir='ltr' id='par_1_14' title="bbox 159 2510 973 2587">
     <span class='ocr_line' id='line_1_23' title="bbox 159 2510 973 2587; baseline -0.004 -16"><span class='ocrx_word' id='word_1_156' title='bbox 159 2514 169 2536; x_wconf 69' lang='lat'>⁸</span> <span class='ocrx_word' id='word_1_157' title='bbox 201 2514 283 2571; x_wconf 88' lang='lat' dir='ltr'>Men.</span> <span class='ocrx_word' id='word_1_158' title='bbox 327 2512 398 2569; x_wconf 87' lang='lat' dir='ltr'>Vidi</span> <span class='ocrx_word' id='word_1_159' title='bbox 421 2511 652 2586; x_wconf 86' lang='lat' dir='ltr'>tolutiloquents</span> <span class='ocrx_word' id='word_1_160' title='bbox 668 2510 772 2587; x_wconf 84' lang='lat' dir='ltr'>lingua</span> <span class='ocrx_word' id='word_1_161' title='bbox 793 2511 973 2585; x_wconf 89' lang='lat' dir='ltr'>praeditum,</span> 
     </span>
    </p>

    <p class='ocr_par' dir='ltr' id='par_1_15' title="bbox 200 2595 811 2675">
     <span class='ocr_line' id='line_1_24' title="bbox 200 2595 811 2675; baseline -0.005 -20"><span class='ocrx_word' id='word_1_162' title='bbox 200 2597 262 2671; x_wconf 83' lang='lat' dir='ltr'>Qui</span> <span class='ocrx_word' id='word_1_163' title='bbox 282 2598 425 2675; x_wconf 84' lang='lat' dir='ltr'>navigare</span> <span class='ocrx_word' id='word_1_164' title='bbox 445 2604 566 2655; x_wconf 89' lang='lat' dir='ltr'>suasset</span> <span class='ocrx_word' id='word_1_165' title='bbox 586 2596 697 2654; x_wconf 90' lang='lat' dir='ltr'>insano</span> <span class='ocrx_word' id='word_1_166' title='bbox 719 2595 811 2665; x_wconf 82' lang='lat' dir='ltr'>mari3</span> 
     </span>
    </p>

    <p class='ocr_par' dir='ltr' id='par_1_16' title="bbox 201 2681 911 2759">
     <span class='ocr_line' id='line_1_25' title="bbox 201 2681 911 2759; baseline -0.006 -18"><span class='ocrx_word' id='word_1_167' title='bbox 201 2681 332 2759; x_wconf 85' lang='lat' dir='ltr'>Stupere</span> <span class='ocrx_word' id='word_1_168' title='bbox 356 2681 493 2753; x_wconf 76' lang='lat' dir='ltr'>eundem,</span> <span class='ocrx_word' id='word_1_169' title='bbox 513 2681 633 2756; x_wconf 87' lang='lat' dir='ltr'>quando</span> <span class='ocrx_word' id='word_1_170' title='bbox 653 2687 820 2756; x_wconf 83' lang='lat' dir='ltr'>tempestas</span> <span class='ocrx_word' id='word_1_171' title='bbox 844 2700 911 2737; x_wconf 88' lang='lat' dir='ltr'>eum</span> 
     </span>
    </p>

    <p class='ocr_par' dir='ltr' id='par_1_17' title="bbox 201 2764 824 2842">
     <span class='ocr_line' id='line_1_26' title="bbox 201 2764 824 2842; baseline -0.005 -16"><span class='ocrx_word' id='word_1_172' title='bbox 201 2768 364 2840; x_wconf 85' lang='lat' dir='ltr'>Turbaret‚</span> <span class='ocrx_word' id='word_1_173' title='bbox 377 2777 421 2824; x_wconf 72' lang='lat' dir='ltr'>&#39;ac</span> <span class='ocrx_word' id='word_1_174' title='bbox 439 2786 508 2826; x_wconf 90' lang='lat' dir='ltr'>sese</span> <span class='ocrx_word' id='word_1_175' title='bbox 529 2766 697 2830; x_wconf 89' lang='lat' dir='ltr'>involutum</span> <span class='ocrx_word' id='word_1_176' title='bbox 720 2764 824 2842; x_wconf 87' lang='lat' dir='ltr'>palliis</span> 
     </span>
    </p>

    <p class='ocr_par' dir='ltr' id='par_1_18' title="bbox 202 2850 827 2912">
     <span class='ocr_line' id='line_1_27' title="bbox 202 2850 827 2912; baseline -0.008 0"><span class='ocrx_word' id='word_1_177' title='bbox 202 2850 307 2912; x_wconf 89' lang='lat' dir='ltr'>Cuivis</span> <span class='ocrx_word' id='word_1_178' title='bbox 330 2852 487 2911; x_wconf 88' lang='lat' dir='ltr'>terendum</span> <span class='ocrx_word' id='word_1_179' title='bbox 508 2851 590 2909; x_wconf 87' lang='lat' dir='ltr'>calce</span> <span class='ocrx_word' id='word_1_180' title='bbox 610 2851 722 2909; x_wconf 77' lang='lat' dir='ltr'>vectori</span> <span class='ocrx_word' id='word_1_181' title='bbox 746 2851 827 2907; x_wconf 77' lang='lat' dir='ltr'>dare.</span> 
     </span>
    </p>

    <p class='ocr_par' dir='ltr' id='par_1_19' title="bbox 202 2935 979 3013">
     <span class='ocr_line' id='line_1_28' title="bbox 202 2935 979 3013; baseline -0.005 -16"><span class='ocrx_word' id='word_1_182' title='bbox 202 2936 324 3010; x_wconf 75' lang='lat' dir='ltr'>Sedis,</span> <span class='ocrx_word' id='word_1_183' title='bbox 345 2938 551 3013; x_wconf 89' lang='lat' dir='ltr'>impetumque</span> <span class='ocrx_word' id='word_1_184' title='bbox 570 2936 734 2994; x_wconf 84' lang='lat' dir='ltr'>incicurem</span> <span class='ocrx_word' id='word_1_185' title='bbox 751 2935 875 3012; x_wconf 87' lang='lat' dir='ltr'>linguae</span> <span class='ocrx_word' id='word_1_186' title='bbox 897 2942 979 3008; x_wconf 75' lang='lat' dir='ltr'>tuae,</span> 
     </span>
    </p>

    <p class='ocr_par' dir='ltr' id='par_1_20' title="bbox 184 3008 1024 3185">
     <span class='ocr_line' id='line_1_29' title="bbox 184 3008 1024 3099; baseline -0.005 -18"><span class='ocrx_word' id='word_1_187' title='bbox 184 3024 228 3082; x_wconf 66' lang='lat' dir='ltr'>*E</span> <span class='ocrx_word' id='word_1_188' title='bbox 245 3024 324 3081; x_wconf 94' lang='lat' dir='ltr'>nube</span> <span class='ocrx_word' id='word_1_189' title='bbox 344 3041 439 3098; x_wconf 87' lang='lat' dir='ltr'>parva</span> <span class='ocrx_word' id='word_1_190' title='bbox 461 3040 572 3099; x_wconf 85' lang='lat' dir='ltr'>magna</span> <span class='ocrx_word' id='word_1_191' title='bbox 593 3028 760 3097; x_wconf 85' lang='lat' dir='ltr'>tempestas</span> <span class='ocrx_word' id='word_1_192' title='bbox 784 3039 875 3078; x_wconf 91' lang='lat' dir='ltr'>ruens</span> <span class='ocrx_word' id='word_1_193' title='bbox 1005 3008 1024 3030; x_wconf 66' lang='lat'>&#39;⁹</span> 
     </span>
     <span class='ocr_line' id='line_1_30' title="bbox 200 3105 901 3185; baseline -0.003 -20"><span class='ocrx_word' id='word_1_194' title='bbox 200 3108 393 3185; x_wconf 85' lang='lat' dir='ltr'>Restinguet‚</span> <span class='ocrx_word' id='word_1_195' title='bbox 416 3114 447 3165; x_wconf 89' lang='lat' dir='ltr'>et</span> <span class='ocrx_word' id='word_1_196' title='bbox 469 3107 598 3175; x_wconf 59' lang='lat' dir='ltr'>clamose</span> <span class='ocrx_word' id='word_1_197' title='bbox 620 3114 792 3181; x_wconf 85' lang='lat' dir='ltr'>compescet</span> <span class='ocrx_word' id='word_1_198' title='bbox 808 3105 901 3182; x_wconf 83' lang='lat' dir='ltr'>gravi.</span> 
     </span>
    </p>

    <p class='ocr_par' dir='ltr' id='par_1_21' title="bbox 201 3182 1181 3354">
     <span class='ocr_line' id='line_1_31' title="bbox 201 3182 1181 3269; baseline -0.007 -18"><span class='ocrx_word' id='word_1_199' title='bbox 201 3192 279 3251; x_wconf 86' lang='lat' dir='ltr'>Teu.</span> <span class='ocrx_word' id='word_1_200' title='bbox 319 3194 383 3269; x_wconf 83' lang='lat' dir='ltr'>Ego</span> <span class='ocrx_word' id='word_1_201' title='bbox 406 3200 505 3249; x_wconf 85' lang='lat' dir='ltr'>autem</span> <span class='ocrx_word' id='word_1_202' title='bbox 529 3192 649 3249; x_wconf 90' lang='lat' dir='ltr'>inanem</span> <span class='ocrx_word' id='word_1_203' title='bbox 671 3198 701 3249; x_wconf 98' lang='lat' dir='ltr'>et</span> <span class='ocrx_word' id='word_1_204' title='bbox 720 3210 881 3269; x_wconf 75' lang='lat' dir='ltr'>pei-perum</span> <span class='ocrx_word' id='word_1_205' title='bbox 899 3190 965 3249; x_wconf 76' lang='lat' dir='ltr'>vidi</span> <span class='ocrx_word' id='word_1_206' title='bbox 983 3190 1089 3261; x_wconf 70' lang='lat' dir='ltr'>vnum,</span> <span class='ocrx_word' id='word_1_207' title='bbox 1114 3182 1181 3234; x_wconf 80' lang='lat'><strong>¹¹5⁰</strong></span> 
     </span>
     <span class='ocr_line' id='line_1_32' title="bbox 203 3276 822 3354; baseline -0.006 -17"><span class='ocrx_word' id='word_1_208' title='bbox 203 3278 315 3337; x_wconf 83' lang='lat' dir='ltr'>Aliena</span> <span class='ocrx_word' id='word_1_209' title='bbox 336 3285 459 3354; x_wconf 89' lang='lat' dir='ltr'>propter</span> <span class='ocrx_word' id='word_1_210' title='bbox 476 3276 708 3335; x_wconf 85' lang='lat' dir='ltr'>insolescentem</span> <span class='ocrx_word' id='word_1_211' title='bbox 731 3276 822 3334; x_wconf 84' lang='lat' dir='ltr'>mala.</span> 
     </span>
    </p>

    <p class='ocr_par' dir='ltr' id='par_1_22' title="bbox 202 3358 925 3439">
     <span class='ocr_line' id='line_1_33' title="bbox 202 3358 925 3439; baseline -0.008 -19"><span class='ocrx_word' id='word_1_212' title='bbox 202 3364 303 3439; x_wconf 81' lang='lat' dir='ltr'>Quem</span> <span class='ocrx_word' id='word_1_213' title='bbox 327 3381 394 3420; x_wconf 92' lang='lat' dir='ltr'>cum</span> <span class='ocrx_word' id='word_1_214' title='bbox 414 3362 529 3420; x_wconf 87' lang='lat' dir='ltr'>videret</span> <span class='ocrx_word' id='word_1_215' title='bbox 548 3362 683 3420; x_wconf 89' lang='lat' dir='ltr'>moribus</span> <span class='ocrx_word' id='word_1_216' title='bbox 706 3360 827 3436; x_wconf 87' lang='lat' dir='ltr'>quidam</span> <span class='ocrx_word' id='word_1_217' title='bbox 851 3358 925 3415; x_wconf 90' lang='lat' dir='ltr'>mihi</span> 
     </span>
    </p>
   </div>
   <div class='ocr_carea' id='block_1_5' title="bbox 102 3446 948 3523">
    <p class='ocr_par' dir='ltr' id='par_1_23' title="bbox 102 3446 948 3523">
     <span class='ocr_line' id='line_1_34' title="bbox 102 3446 948 3523; baseline -0.009 -16"><span class='ocrx_word' id='word_1_218' title='bbox 102 3472 108 3480; x_wconf 89' lang='lat'><strong>·</strong></span> <span class='ocrx_word' id='word_1_219' title='bbox 200 3448 371 3523; x_wconf 85' lang='lat' dir='ltr'>Formaque</span> <span class='ocrx_word' id='word_1_220' title='bbox 393 3448 512 3520; x_wconf 85' lang='lat' dir='ltr'>similis,</span> <span class='ocrx_word' id='word_1_221' title='bbox 531 3446 642 3505; x_wconf 88' lang='lat' dir='ltr'>talibus</span> <span class='ocrx_word' id='word_1_222' title='bbox 663 3464 811 3523; x_wconf 80' lang='lat' dir='ltr'>praesens</span> <span class='ocrx_word' id='word_1_223' title='bbox 834 3449 948 3501; x_wconf 83' lang='lat' dir='ltr'>monet:</span> 
     </span>
    </p>
   </div>
   <div class='ocr_carea' id='block_1_6' title="bbox 200 3530 909 3861">
    <p class='ocr_par' dir='ltr' id='par_1_24' title="bbox 200 3530 909 3861">
     <span class='ocr_line' id='line_1_35' title="bbox 200 3530 757 3605; baseline -0.013 -12"><span class='ocrx_word' id='word_1_224' title='bbox 200 3533 320 3605; x_wconf 86' lang='lat' dir='ltr'>Amice,</span> <span class='ocrx_word' id='word_1_225' title='bbox 344 3552 382 3590; x_wconf 91' lang='lat' dir='ltr'>ne</span> <span class='ocrx_word' id='word_1_226' title='bbox 406 3532 449 3591; x_wconf 89' lang='lat' dir='ltr'>sis</span> <span class='ocrx_word' id='word_1_227' title='bbox 472 3532 599 3592; x_wconf 86' lang='lat' dir='ltr'>mortuis</span> <span class='ocrx_word' id='word_1_228' title='bbox 619 3530 757 3589; x_wconf 87' lang='lat' dir='ltr'>iniurius.</span> 
     </span>
     <span class='ocr_line' id='line_1_36' title="bbox 200 3614 887 3690; baseline -0.009 -15"><span class='ocrx_word' id='word_1_229' title='bbox 200 3618 301 3677; x_wconf 79' lang='lat' dir='ltr'>Aliter</span> <span class='ocrx_word' id='word_1_230' title='bbox 322 3625 424 3675; x_wconf 87' lang='lat' dir='ltr'>manet</span> <span class='ocrx_word' id='word_1_231' title='bbox 444 3625 485 3690; x_wconf 85' lang='lat' dir='ltr'>te,</span> <span class='ocrx_word' id='word_1_232' title='bbox 509 3636 558 3675; x_wconf 88' lang='lat' dir='ltr'>me</span> <span class='ocrx_word' id='word_1_233' title='bbox 579 3617 658 3689; x_wconf 80' lang='lat' dir='ltr'>vide,</span> <span class='ocrx_word' id='word_1_234' title='bbox 679 3614 887 3673; x_wconf 82' lang='lat' dir='ltr'>infortunium.</span> 
     </span>
     <span class='ocr_line' id='line_1_37' title="bbox 200 3700 758 3766; baseline -0.011 -5"><span class='ocrx_word' id='word_1_235' title='bbox 200 3703 277 3762; x_wconf 87' lang='lat' dir='ltr'>Istis</span> <span class='ocrx_word' id='word_1_236' title='bbox 299 3704 443 3766; x_wconf 87' lang='lat' dir='ltr'>monebat</span> <span class='ocrx_word' id='word_1_237' title='bbox 464 3701 575 3761; x_wconf 89' lang='lat' dir='ltr'>nullius</span> <span class='ocrx_word' id='word_1_238' title='bbox 591 3701 636 3759; x_wconf 90' lang='lat' dir='ltr'>rei</span> <span class='ocrx_word' id='word_1_239' title='bbox 652 3700 758 3759; x_wconf 86' lang='lat' dir='ltr'>virum.</span> 
     </span>
     <span class='ocr_line' id='line_1_38' title="bbox 201 3785 909 3861; baseline -0.013 -13"><span class='ocrx_word' id='word_1_240' title='bbox 201 3786 284 3861; x_wconf 85' lang='lat' dir='ltr'>Quin</span> <span class='ocrx_word' id='word_1_241' title='bbox 305 3795 394 3847; x_wconf 83' lang='lat' dir='ltr'>tueor</span> <span class='ocrx_word' id='word_1_242' title='bbox 416 3786 511 3845; x_wconf 87' lang='lat' dir='ltr'>illum.</span> <span class='ocrx_word' id='word_1_243' title='bbox 536 3787 643 3844; x_wconf 90' lang='lat' dir='ltr'>nonis</span> <span class='ocrx_word' id='word_1_244' title='bbox 665 3785 756 3856; x_wconf 86' lang='lat' dir='ltr'>alius,</span> <span class='ocrx_word' id='word_1_245' title='bbox 777 3788 811 3840; x_wconf 89' lang='lat' dir='ltr'>ut</span> <span class='ocrx_word' id='word_1_246' title='bbox 830 3800 909 3854; x_wconf 83' lang='lat' dir='ltr'>reor,</span> 
     </span>
    </p>
   </div>
   <div class='ocr_carea' id='block_1_7' title="bbox 844 3878 909 3939">
    <p class='ocr_par' dir='ltr' id='par_1_25' title="bbox 844 3878 909 3939">
     <span class='ocr_line' id='line_1_39' title="bbox 844 3878 909 3939; baseline -0.015 0"><span class='ocrx_word' id='word_1_247' title='bbox 844 3878 909 3939; x_wconf 83' lang='lat'>21·</span> 
     </span>
    </p>
   </div>
   <div class='ocr_carea' id='block_1_8' title="bbox 0 0 1446 4650">
    <p class='ocr_par' dir='ltr' id='par_1_26' title="bbox 0 0 1446 4650">
     <span class='ocr_line' id='line_1_40' title="bbox 0 0 1446 4650; baseline 0 0"><span class='ocrx_word' id='word_1_248' title='bbox 0 0 1446 4650; x_wconf 95' lang='lat' dir='ltr'> </span> 
     </span>
    </p>
   </div>
  </div>
 </body>
</html>
