2884 4650
602 519 752 612 *87-
808 529 809 532 ¹

221 684 305 760 Quas
323 685 501 761 complexus
527 703 594 743 eras
616 688 779 762 praestanti
801 705 927 762 corpora
948 688 1044 748 dotes.

222 770 343 847 Quodsi
362 771 430 845 quis
453 768 575 827 laudare
596 770 671 830 velit
692 772 856 847 patriamve
878 791 1023 850 genusve,

220 856 354 915 Moverit
371 855 541 931 ambiguam
564 856 656 914 dnbio
680 857 841 914 certamine
863 857 999 932 palmam.

219 938 302 999 Nam
323 954 399 1015 qnae
422 940 491 998 diva
511 947 580 1007 tuas
599 960 767 1000 memorare
785 941 909 1000 Batavis
930 942 1035 1000 laudes

219 1025 277 1085 vis
296 1025 433 1083 bumana
442 1025 551 1101 queat?
568 1025 740 1085 Primordia
758 1045 903 1102 quaerere
927 1027 995 1085 voci

221 1108 391 1169 Conantem
410 1110 442 1167 in
463 1110 564 1168 varios
585 1112 736 1169 sententia
755 1111 901 1170 distrahet
918 1130 1023 1171 orsus:

219 1195 399 1273 Iustitiaene
421 1194 504 1269 prins
522 1195 643 1268 referat,-
665 1196 775 1254 bellive
797 1195 930 1269 labores,
962 1235 963 1240 κ

219 1280 318 1339 Exilii
342 1279 445 1338 dulces
461 1287 577 1355 portus,
600 1287 631 1338 et
652 1280 773 1338 moenia
794 1281 898 1338 mnndi

220 1365 366 1441 Hospita,
386 1372 449 1422 tuta
473 1364 562 1424 bonis
586 1366 641 1422 sub
663 1365 792 1442 legibus.
813 1366 923 1426 Omnia
945 1382 1064 1442 magna,

223 1449 353 1510 Omnia:
374 1449 428 1508 sed
450 1449 548 1508 maius
569 1450 687 1508 censeri
708 1451 796 1508 laude
818 1451 961 1523 virorum,

224 1535 313 1610 Quos
336 1551 474 1612 generas,
496 1534 652 1593 hominum
673 1535 841 1602 iustissima
858 1543 963 1608 mater,
980 1535 1131 1608 alumnos,

222 1620 308 1678 Inter
329 1637 407 1694 quos
429 1619 501 1676 clari
519 1619 666 1697 fulgentia
685 1621 785 1679 sidera
807 1621 908 1678 lucent

222 1704 410 1777 Dousiadae,
432 1703 546 1762 faculas
571 1705 654 1763 velut
673 1705 752 1763 inter
773 1706 860 1763 Luna
882 1706 1025 1765 minores.
1099 1747 1103 1751 -

185 1816 192 1825 ’
222 1788 354 1864 Namque
373 1797 455 1847 tuum
476 1789 566 1847 decus
589 1809 678 1848 omne
701 1791 759 1848 toi:
788 1790 879 1849 decus
904 1809 993 1848 omne
1012 1798 1132 1848 tuorum

222 1873 410 1932 Dousiadae.
433 1872 535 1933 Semel
557 1893 617 1932 uua
635 1875 713 1934 alios
739 1874 847 1932 natalis
872 1874 1003 1933 honorat

221 1958 393 2018 Nobilitas:
414 1958 473 2016 His
493 1959 688 2035 omniparens
708 1957 827 2017 Natura
846 1958 1008 2033 quotannis

222 2043 342 2120 Ingenii
361 2037 445 2100 clara
466 2043 517 2099 dat
535 2043 694 2101 nobilitate
716 2044 844 2102 renasci.
898 2077 901 2084 .

222 2127 309 2186 Haec
330 2147 449 2202 quoque
469 2128 605 2188 venturis
626 2128 766 2204 quiddam
787 2126 982 2186 memorabile
1001 2127 1111 2186 saeclis

225 2213 375 2273 Omnibus
399 2231 419 2269 a
438 2213 572 2272 numeris
595 2220 626 2270 et
647 2215 685 2272 ab
708 2214 791 2272 omni
812 2219 896 2289 parte
918 2214 1038 2273 beatum

222 2297 408 2369 Parturiens,
427 2298 564 2375 Agedum
586 2298 672 2372 felix,
694 2318 751 2377 age
773 2316 909 2371 nascere,
931 2297 1018 2372 dixit,

222 2382 370 2456 Nascere,
393 2402 462 2441 aare
481 2402 564 2458 puer.
587 2385 670 2443 Mare
692 2384 825 2442 vindicat
845 2384 989 2443 hactenus
1013 2402 1118 2443 omnes

223 2469 374 2528 Auctores
395 2469 489 2528 vestri
510 2469 640 2546 generis.
661 2469 707 2526 Te
728 2470 816 2527 docta
835 2469 971 2526 Minerva

221 2553 363 2629 Excipiet
383 2572 451 2611 cnm
472 2562 556 2629 patre
579 2554 648 2611 sibi.
671 2553 735 2610 Iam
751 2572 856 2630 perge,
879 2559 997 2611 tuorum

224 2637 292 2714 Qua
315 2638 417 2696 nullus
438 2657 547 2713 presso
567 2638 696 2713 vestigia
717 2639 836 2695 tramite
857 2638 951 2711 flexit,

222 2721 290 2781 Nec
311 2723 373 2783 soli
397 2730 499 2781 vestro
520 2723 704 2781 descendant
729 2730 885 2781 stemmate
906 2723 1010 2781 fortes.

223 2808 284 2867 Per
307 2808 416 2867 doctos
434 2815 633 2886 numerentur·
649 2808 706 2867 avi.
727 2806 800 2869 Non
823 2808 907 2865 irrita
927 2808 1038 2866 fundo:

222 2894 352 2970 Magnus
373 2893 444 2965 eris,
466 2893 493 2950 si
514 2912 573 2967 qua
593 2893 730 2951 victricia
753 2911 893 2970 rumpere
915 2892 981 2951 Fati

223 2978 293 3036 Iura
316 2984 417 3054 potes.
442 2977 488 3034 Te
510 2977 611 3035 saecla
633 2984 753 3050 canent,
777 2986 807 3036 te
829 2977 929 3036 vivida
949 2976 1052 3034 nutrix

223 3065 382 3121 Annorum
403 3062 501 3120 docn's
522 3062 695 3121 instaurans
713 3071 851 3138 tempora
873 3062 982 3121 chartis

222 3147 396 3206 Posteritas
418 3147 598 3206 memorabit
620 3166 707 3206 anus.
732 3148 898 3206 Tedicere
920 3146 1021 3204 nullus

223 3232 360 3291 Ventura
378 3232 499 3307 poterit,
519 3232 579 3290 nisi
604 3233 655 3307 qui
677 3233 843 3306 mirabitur,
864 3249 950 3289 aevo.

223 3314 360 3374 Dixerat
378 3317 508 3391 Excepit
525 3334 629 3375 vocem
651 3317 771 3375 crudele
789 3317 931 3390 renidens

223 3404 370 3478 Atropos,
392 3402 598 3477 increpuitque
620 3402 786 3461 minacibus
808 3401 909 3460 omina
929 3394 1036 3475 signis,

223 3484 273 3544 Ne
291 3487 418 3563 propria
435 3488 522 3559 haec,
544 3486 651 3545 dilecte
672 3506 758 3561 puer,
787 3486 842 3543 tibi
864 3484 945 3540 dona
967 3484 1132 3540 manerent.

223 3570 305 3649 Ergo
326 3571 408 3646 qnod
427 3571 536 3648 potnit,
560 3590 652 3647 parco
678 3572 825 3629 deducere
845 3568 936 3625 vitam

225 3653 370 3729 Stamina,
391 3656 588 3732 praecipitare
608 3656 705 3729 colus,
727 3656 786 3711 hoc
809 3653 948 3729 improba
969 3652 1050 3710 fecit.

226 3738 351 3799 Caetera
372 3761 435 3801 non
455 3741 564 3818 potnit.
585 3740 668 3799 Nam
683 3749 713 3798 te
736 3738 923 3797 circunstetit
945 3736 1044 3797 omnis
