2884 4650
718 534 871 628 Q

337 703 426 764 Aiax.
468 701 560 765 Salve
578 702 726 778 Minerva,
749 704 885 763 maxumi
902 704 1005 779 proles
1023 705 1123 779 lovis,

337 787 424 847 Bene
441 789 527 861 ades,
550 795 582 845 et
603 797 783 864 opportuna.
805 798 838 848 te
859 789 969 865 spoliis
991 809 1048 868 ego

337 875 479 934 Mactabo
503 872 625 950 opimis,
647 882 773 952 propter
792 875 872 933 hanc
890 874 1035 951 praedam
1055 876 1193 950 quidem.

338 959 392 1018 Mi.
437 957 537 1035 Sapis.
561 959 616 1016 sed
636 957 712 1016 illud
733 959 813 1036 quod
832 979 918 1037 rogo,
935 979 1028 1018 narra
1044 961 1129 1019 mihi.

287 1031 322 1088 95
338 1043 470 1105 Hastam
492 1042 628 1102 imbuisti
650 1046 799 1122 sunguine
818 1045 933 1122 Argivo
954 1045 1059 1103 tuam?

338 1131 387 1191 ni.
435 1131 476 1188 Et
496 1127 621 1206 gloriari
643 1127 691 1186 ias
716 1130 791 1187 mihi
811 1137 870 1202 est,
891 1137 922 1187 et
941 1150 1005 1188 non
1029 1149 1149 1206 negem.

337 1216 390 1274 Mi.
434 1214 603 1275 Advorsum
625 1213 749 1274 Atridas
771 1233 882 1292 nempe
903 1214 1026 1274 molitus
1050 1234 1176 1273 manum
1198 1218 1258 1277 es?

337 1301 387 1360 Αἱ.
432 1298 503 1358 Nou
524 1298 577 1354 fiat
594 1297 657 1357 illis
679 1297 769 1358 ludus
791 1300 873 1358 Aiax
894 1298 1036 1376 amplius.

335 1387 389 1444 Mi.
432 1386 540 1444 Actum
563 1390 620 1453 est,
641 1391 675 1440 ut
697 1385 814 1458 inquis:
835 1384 1010 1444 occiderunt
1028 1384 1122 1442 ilicet.

271 1463 321 1517 100
337 1471 387 1529 Ai.
435 1467 527 1527 Nunc
546 1467 685 1524 auferant
707 1469 781 1527 mihi
802 1488 888 1527 arma
905 1470 1018 1528 mortui
1038 1488 1117 1527 mea.

336 1555 390 1613 Mi.
434 1551 514 1626 Quid
534 1570 608 1610 vero
630 1552 760 1628 Ulysses
779 1554 833 1612 ille
854 1555 968 1612 Laerta
991 1554 1098 1613 satus?

338 1637 403 1711 Quo
424 1656 475 1695 res
496 1637 566 1695 loco
586 1636 632 1694 illi
655 1638 724 1697 est?
752 1659 791 1696 an
813 1647 895 1698 tuam
919 1639 1025 1716 effugit
1045 1639 1191 1697 manum?

336 1723 386 1782 Αἱ.
436 1719 600 1783 Sacrumne
623 1722 747 1800 volpem
766 1743 834 1810 quo·
845 1725 886 1782 sit
902 1724 934 1781 in
954 1732 1035 1783 statu
1054 1724 1167 1801 rogas?

336 1807 389 1865 Mi.
431 1807 687 1884 Ipsum‚inquam,
696 1807 840 1885 Ulyssem
848 1810 927 1866 male
935 1809 1255 1887 tibiinfestumcaput.

218 1913 222 1922 ·
271 1889 322 1944 1⁰5
339 1893 389 1951 Ai.
440 1891 654 1953 Gratissimum
675 1893 756 1951 intus
780 1894 896 1953 assidet
914 1894 1120 1970 spectaculum

339 1976 496 2054 Captivum
520 1978 621 2055 ipsum
644 1979 726 2054 quod
746 1979 826 2037 mori
844 1979 976 2036 nondum
995 1978 1096 2037 velim.

335 2064 389 2122 Mi.
433 2061 582 2136 Quidnam
589 2063 767 2139 priusquam
776 2063 1256 2141 aggredereiquidfacieslucri?

336 2149 386 2208 Αἱ.
433 2147 616 2223 Priusquam
638 2148 678 2205 ad
696 2149 776 2206 altae
797 2148 933 2207 columen
955 2149 1090 2208 evinctum
1111 2149 1232 2223 domus,

336 2233 389 2292 Mi.
434 2231 594 2305 Quodnam
616 2233 736 2291 misello
757 2234 872 2310 grande
892 2233 1010 2292 moliris
1033 2233 1167 2292 malum?

270 2317 322 2372 11⁰
338 2319 386 2377 Αἰ.
436 2315 553 2378 Caesus
576 2317 705 2397 flagellis
731 2319 813 2377 efflet
832 2319 962 2377 unimam
982 2319 1121 2394 denique.

336 2404 390 2463 Mi.
433 2402 483 2462 Ne
503 2404 658 2477 miserum,
671 2404 792 2476 amabo,
812 2423 851 2461 ne
866 2405 945 2463 hun'c
956 2405 1000 2463 ita
1013 2404 1147 2481 accipias
1158 2405 1252 2464 male.

336 2489 386 2548 Αἰ.
436 2487 567 2566 Sperare
589 2490 621 2547 in
643 2489 725 2562 aliis,
745 2488 835 2562 Diva,
856 2497 887 2547 te
909 2490 998 2548 iubeo
1019 2490 1107 2550 bene.

337 2570 527 2649 Supplicium
546 2575 586 2632 ad
604 2575 696 2634 istum
716 2576 756 2647 is,
775 2592 839 2632 nec·
852 2593 952 2648 secus,
972 2575 1059 2633 dabit
1080 2574 1215 2633 modum.

336 2658 391 2715 Mi.
431 2657 596 2734 Postquam
617 2660 728 2719 hocin
749 2659 850 2717 animo
872 2667 920 2717 est
942 2668 991 2718 sat
1007 2660 1063 2717 tibi
1078 2667 1254 2736 acceptum,

270 2736 320 2790 ¹¹5
337 2740 387 2801 Ne
408 2760 500 2818 parce
520 2744 655 2817 dextrae,
676 2744 807 2822 cogitata
825 2745 947 2820 perfice.
1140 2745 1252 2821 [ilieeg

336 2826 385 2887 Αἱ.
433 2827 586 2904 Accingor
608 2830 647 2887 ud
666 2848 749 2887 rems
770 2836 921 2887 caeterum
942 2830 1054 2888 mando
1076 2831 1142 2903 tibi,

336 2910 379 2973 Ut
397 2910 458 2969 tale
479 2920 618 2987 praestes
642 2933 763 2991 semper
782 2914 929 2973 auxilium
949 2914 1033 2972 mihi.

336 2996 399 3059 Mi.
431 2995 537 3069 Vides,
557 2996 682 3073 Ulysse‚
701 3001 762 3058 vim
783 2999 927 3071 Deorum,
950 3007 1063 3073 quauta
1081 2998 1142 3058 sit?

335 3081 407 3142 Hoc
424 3081 547 3140 homine
569 3101 670 3141 rerum
692 3086 760 3160 quis
782 3084 840 3143 fuit
858 3084 1036 3158 consultior,

268 3162 320 3215 100
336 3168 395 3228 Vel
413 3166 519 3225 melior
541 3167 669 3225 antehae
691 3177 800 3245 coepta
819 3176 935 3226 mature
957 3168 1088 3244 exequi?

334 3252 386 3313 Ul.
429 3250 542 3311 Nullus
564 3252 683 3326 quidem
705 3254 850 3324 antehac;
869 3254 1002 3328 mihique
1023 3252 1238 3312 miseritudine

335 3336 510 3398 commovit
531 3338 673 3410 animum,
697 3356 867 3413 quanquam
886 3339 1020 3413 iniquior
1040 3338 1114 3397 mihi
1134 3346 1195 3411 est,

336 3420 423 3495 Quod
442 3424 496 3482 teli
518 3424 679 3482 inhaerens
698 3423 766 3499 ipse
784 3424 932 3482 conflictet
953 3424 1040 3482 malo.

334 3504 402 3565 Nec
421 3508 504 3568 illius
526 3530 602 3583 rem,
622 3527 711 3585 quam
733 3527 842 3581 meam,
866 3517 970 3585 specto
992 3510 1101 3585 magis.

269 3588 319 3643 125
336 3589 391 3650 Nil
412 3600 511 3653 certus
534 3595 616 3655 aliud
638 3613 708 3655 esse
728 3613 798 3667 nos,
820 3611 910 3669 quam
931 3595 1052 3653 somnia

334 3676 568 3754 Imaginantum‚
591 3687 644 3739 aut
664 3698 792 3755 corpora
813 3680 921 3737 umbra
939 3678 1052 3737 inania.

333 3763 387 3822 Mi.
430 3760 512 3839 Ergo
530 3766 651 3826 cavebis
674 3766 751 3824 haec
767 3764 886 3837 videns,
909 3763 1100 3821 temerarium
