2884 4650
566 561 717 656 -ιω-

181 726 351 810 Κληματίς.
368 724 476 809 ’Λμμε
492 724 584 807 μύναι
598 749 633 810 γε
651 729 799 793 Λάκαιναι
815 727 952 810 τίκτομες
972 723 1095 808 ἄνδρας.

180 810 299 877 Κοῖλον
325 809 424 880 ἔδειξε
443 809 549 878 ποδύς.
572 809 634 874 Καὶ
652 812 795 896 κύντερον
814 811 891 874 ἄλλο
910 808 980 874 ποτ’
997 807 1095 893 ἔτλης.

181 894 293 999 Κοντιρ
318 895 416 957 πλεῖν.
440 890 495 963 Εἰς
511 894 565 977 τὴν
587 895 763 981 Πυρραίων,
786 894 863 958 εἴτι
883 893 976 958 κακύν
998 917 1043 976 γε.

181 979 345 1065 Κρητιζεις
365 980 441 1062 πρὸς
461 975 578 1063 Κρῆτα.
603 981 704 1054 Λοκδς
725 979 757 1043 δ’
781 979 830 1044 ἐπὶ
851 984 925 1044 πᾶσι
947 977 1094 1042 τέτυκται.

181 1063 278 1149 Κριὸς
297 1063 520 1147 άσελγύκερως.
542 1062 584 1128 Ἠ
605 1067 659 1147 μὲν
682 1064 774 1133 κλέος
794 1063 844 1148 ήε,
869 1065 920 1128 καὶ
939 1061 1034 1148 ήσθα.

182 1146 434 1234 Κρουσιμετμείν.
454 1147 546 1211 Ἀλλ’
558 1148 623 1212 οὐδ’
632 1151 660 1212 εἰ
670 1152 744 1235 βοῦς
753 1145 1095 1233 ιρθέγξαιτο,πιθοίμην.

181 1231 387 1316 Κυκλοβόρου
411 1234 510 1316 φωνή.
533 1230 623 1298 Κακὰ
647 1234 761 1319 κέρδεα
782 1232 836 1298 ίοα
860 1233 1002 1386 βλάβησι.
1050 1239 1051 1242 ’

182 1314 385 1380 Κυκλώπειον
409 1317 542 1401 βλέμμα.
566 1316 769 1391 Κανωπίζειν.
793 1315 913 1402 Κριύμυ
933 1339 975 1386 ος.

182 1399 374 1486 Κωφότερος
394 1401 510 1485 κίχλης.
535 1400 601 1465 Μία
624 1403 730 1486 μάστιξ
751 1404 866 1472 πάντας
889 1401 1021 1464 ἐλαύνει.

182 1485 279 1549 Λεῖπέ
301 1509 328 1546 τι
348 1486 401 1549 καὶ
421 1485 558 1554 ξείνοισιν
583 1487 812 1573 ἐπερχομένοις.
836 1487 930 1568 Λίθον
951 1487 1045 1571 ἑψεῖς.

183 1570 321 1654 Λέμφος.
340 1567 444 1652 Κήποι
464 1569 644 1641 Ἀδώνιδος.
664 1571 882 1657 Ἀρχιλύχειος
901 1570 1039 1656 ἀλώπηξ.

182 1654 314 1722 Λούσεις
333 1648 384 1717 τάν
406 1652 531 1717 Πελίαν.
555 1653 601 1720 Οὐ
623 1655 731 1740 Μήδος
753 1662 848 1720 ταῦτα
872 1656 1009 1741 φυλάξει.

183 1739 283 1807 Λυδὸς
306 1737 425 1800 ἔκλεισε
445 1738 553 1823 θύραν.
578 1739 675 1809 Ξένος
693 1740 792 1819 ἔλθοι,
823 1741 904 1808 ὅστις
924 1740 1039 1823 ὀνήσει.
1163 1773 1166 1778 ·

183 1823 294 1886 Λύδιον
317 1823 411 1906 ἅρμα.
435 1820 495 1887 Τὸν
520 1822 599 1886 οἴκοι
619 1825 721 1908 θήσαυ
745 1825 778 1888 δν
805 1826 989 1908 διαβάλλεις.

183 1908 396 1992 Λωτοιραγεῖν.
415 1907 459 1971 ”A
484 1931 538 1991 μες
560 1909 596 1971 δὲ
614 1909 689 1974 δέκα
707 1849 828 1973 (βάδιοι
853 1908 928 1970 δέκα
945 1912 1027 1976 νᾶες.

184 1990 355 2075 Μαγνήτων
377 1993 429 2055 καί
450 1933 626 2139 ’ἔερμερίων
649 1996 738 2058 κακά.
759 1991 876 2077 Κύμμα
896 1991 1042 2075 πονηρόν.

184 2074 313 2140 Μᾶλλον
336 2077 352 2138 δ
376 2076 471 2160 Φρύξ.
525 2079 562 2140 λά
583 2101 621 2161 ης
643 2079 771 2164 βαπτίζῃ
798 2077 971 2158 πνεύματος
992 2075 1095 2144 ἀσκός.

184 2158 410 2244 Μανδραγύρην
433 2159 526 2229 ἔπιες.
577 2169 672 2247 τωχιγῑ
695 2164 780 2246 φίλοι
804 2162 879 2225 οὐδὲ
896 2166 1014 2244 τοκῆες.

184 2244 298 2313 Μάντις
318 2247 482 2330 ἀρουμαία.
507 2246 747 2332 Φιλοτιμύτερος
762 2245 983 2332 Κλεοφῶντος.

183 2329 351 2415 Μαργίτης.
372 2328 519 2415 Κρονικαὶ
540 2335 645 2440 λήμαι.
667 2334 775 2418 Λημᾷν
798 2332 993 2399 κολοκύντας.

183 2413 359 2479 Μειλανίων
384 2418 530 2501 σώφρων.
582 2418 710 2497 Λ[ι]δου
734 2422 867 2501 πρωκτῷ
889 2416 1086 2500 περιπίπτοις.

183 2498 1096 2585 Μὴπρὸφακήςλοπάδαὔξείύάκηλος.Χάρμαποραύατου.

183 2582 234 2667 Μὴ
258 2584 295 2646 σὺ
320 2585 512 2669 μελαμπύγιμ
527 2586 730 2669 περιπίπτοις.
754 2583 922 2669 Κάρδαμον
947 2582 1065 2647 ἔσθειν.

183 2667 265 2752 Μήτι
285 2692 321 2750 γε
343 2671 438 2732 καλὸν
461 2671 590 2756 ἀδελφῷ
614 2675 680 2733 σοῦ.
708 2668 941 2753 Μαλακώτερον
965 2670 1071 2733 ῦπνου.

183 2751 235 2836 Μὴ
259 2754 312 2816 τὸν
336 2754 397 2817 ἀπὸ
419 2759 563 2837 γραμμῆς
582 2756 657 2818 κίνει
679 2755 776 2819 λίθον.
799 2752 921 2837 Ἰσθμὸν
945 2754 1095 2838 ὀρύσσειν.

183 2835 291 2921 Μηδὲν
313 2836 400 2917 ἄγαν.
422 2838 519 2924 Am}
542 2845 586 2923 τῷ
611 2838 722 2925 μέτρῳ.
747 2838 851 2902 Γνῶθι
874 2840 1012 2903 σεαυτὸν.

184 2920 305 3007 Μήλιος
326 2920 510 3007 Ἡρακλέης.
529 2921 617 2987 Ἧτοι
638 2925 751 3009 κρίνον,
772 2926 791 3008 ή
815 2924 1011 3007 κολοκύντην.

184 3004 314 3090 Μητέρα
337 3008 385 3069 σοὶ
407 3008 517 3091 ταύτην
542 3008 676 3091 δίδομαι.
701 3007 850 3092 Πλαταγή
869 3010 1055 3093 δοκιμάσεις.

183 3086 301 3174 Μικρὸς
324 3092 374 3153 ἀεὶ
395 3094 448 3160 σὸς
469 3094 583 3160 πῶλος.
605 3090 789 3176 Ἑλεύθεραι
812 3092 897 3173 αἶγες
916 3091 1065 3177 ἀρότρων.

184 3172 294 3239 Μῦθον
308 3175 380 3260 ὅνιρ.
404 3173 557 3261 Ὀλέθρου
572 3178 815 3260 δὀύδεὶςλύγος.
836 3176 1095 3257 Ἀντιπελαργεῖν.

184 3256 251 3323 Μῦν
274 3260 400 3345 ἐλέφας.
424 3259 576 3345 Χαμύθεν
598 3263 646 3326 ἵνα
669 3262 798 3345 τέττιγες
820 3264 968 3326 ἀείδουσι.

184 3341 252 3413 Μῦς
276 3347 395 3413 λευκὸς.
418 3344 522 3414 Νύσος
540 3344 733 3431 Ἡράκλειος.
755 3348 852 3431 Ἀνήρ
877 3346 1031 3428 ἐλάφειος.

183 3426 373 3513 Μωρύτερος
388 3428 551 3516 Μορύχου.
575 3431 718 3517 Σκαμβδν
737 3432 825 3503 ξύλον
842 3426 1096 3513 οὐδέποτ’ὀρθύνι

184 3511 295 3599 Μωριβ
309 3516 359 3577 καὶ
373 3515 496 3599 βασιλ-εἶ
506 3515 601 3599 νόμος
623 3514 772 3601 ἄγραφος.
793 3512 847 3577 Ἐκ
860 3512 953 3576 πίθου
968 3514 1096 3584 άντλεῖς.

184 3596 303 3683 Νεκρδν
326 3601 488 3682 μαοτίζεις.
507 3600 620 3664 ’Λλλοι
640 3602 751 3685 κάμον,
778 3600 869 3662 ἄλλοι
891 3596 1010 3663 ύναντο.

184 3680 349 3768 Νηφάλιος
370 3684 474 3747 θυσία.
500 3684 615 3749 θυσίαν
641 3688 670 3747 οἱ
692 3683 811 3767 Κρῆτες
833 3681 970 3765 ἄγουσιν.

184 3764 248 3832 Νῦν
274 3770 318 3837 εἰς
337 3771 443 3853 χώραν
463 3769 564 3854 ήλθε.
578 3769 769 3855 Προβοίλλειν
792 3772 855 3836 τοῖς
876 3770 960 3835 κυσὶν
983 3769 1086 3853 ἄρνας.
