2884 4650
598 536 750 632 Lm-

487 699 683 784 Νεκροδόκον
702 705 856 784 κλιντῆρα.
1060 710 1132 789 *1¹0

217 791 299 851 Dum
311 790 400 849 Philo
423 790 613 867 sandapilam
633 791 719 851 senio
740 790 842 868 gravis
862 790 989 854 aedibus
1011 794 1109 869 effert,

258 877 381 954 Exigua
397 875 502 937 solitas
525 884 558 933 ut
582 876 659 955 stipe
679 883 806 950 quaerat
828 893 902 952 opes
909 897 918 949 ς

215 961 334 1021 Iniusto
357 962 413 1021 sub
438 961 523 1043 fasee
542 961 611 1019 ruit.
632 960 771 1036 proclive
793 960 925 1019 eaduoae

260 1048 448 1105 Momentum
470 1046 558 1105 morti
579 1064 655 1104 oaua
676 1054 802 1105 senecta
825 1047 926 1105 dabat.

217 1131 269 1194 Sic
289 1151 377 1207 quem
400 1150 493 1208 saepe
520 1150 615 1191 senex
638 1131 707 1190 aliis
730 1138 849 1206 portare
872 1132 1002 1203 solebat,

257 1216 439 1295 Imprudens
460 1216 601 1292 capulum
621 1216 745 1275 sustulit
764 1216 834 1292 ipse
858 1216 927 1276 sibi.

495 1378 645 1464 Μορτοίδα
666 1379 720 1462 τὴν
744 1382 851 1463 ἱεραῖς.
1059 1384 1130 1464 γ20

216 1470 330 1529 Mortes
353 1487 440 1543 anus,
464 1487 541 1543 quae
561 1475 608 1527 tot
628 1468 710 1541 duxi,
732 1469 803 1528 dum
822 1471 885 1529 vita
905 1470 1059 1544 manebat,

258 1553 307 1612 Ad
326 1572 431 1613 saeros
452 1554 566 1612 Bacchi
585 1554 698 1629 poeula
716 1553 809 1631 plena
829 1555 927 1630 laous,

215 1638 345 1698 Pulvere
367 1658 430 1697 non
449 1639 580 1710 oond0r3
604 1638 718 1698 tumuli
732 1639 798 1698 vioe
816 1659 913 1717 ,suave
935 1646 1077 1716 peractae

258 1724 347 1782 Vitae
367 1732 575 1801 argumentum
598 1723 746 1783 doliolum
766 1726 939 1802 impositum
963 1732 1019 1783 est.

572 1886 635 1970 Τῆς
652 1892 773 1972 πολιῆς.
1058 1892 1129 1970 γ20

214 1978 481 2057 Longaevaehaeo
491 1985 561 2036 sunt
569 1978 659 2036 busta
666 1978 841 2037 Meronidos
851 1978 959 2054 zinqne
969 1978 1130 2054 sepulchro

258 2064 286 2122 E
309 2063 395 2122 silice
420 2070 467 2123 est
487 2062 575 2120 fabra
598 2062 734 2141 sculptus
760 2064 798 2121 ab
822 2071 887 2121 arte
909 2062 998 2121 calix.

213 2147 398 2209 Multibibax
418 2155 448 2205 et
470 2147 672 2224 multiloquax
695 2168 772 2208 anus
795 2150 871 2206 haee
891 2166 990 2224 neque
1011 2147 1103 2219 natis,

259 2232 321 2294 Sed
345 2252 444 2309 neque
465 2240 605 2293 natorum
625 2250 761 2310 paupere
783 2241 870 2311 patre
891 2233 993 2311 gemit.

214 2318 283 2379 Hoo
303 2339 398 2377 unum
419 2327 476 2391 est,
497 2318 579 2395 quod
600 2319 652 2378 flet
672 2320 721 2379 vel
742 2321 834 2379 busto
848 2318 984 2397 eondita3
1006 2317 1129 2376 Baoeho

257 2404 321 2464 Vas
345 2404 446 2464 habile
466 2405 536 2477 hoo,
558 2403 671 2463 Baoohi
691 2405 773 2481 quod
796 2406 837 2464 sit
854 2406 957 2477 inane,
983 2404 1086 2482 gemit.

491 2567 676 2653 Μαρωνὶςὴ
702 2571 850 2654 φίλοινος.
1029 2630 1031 2634 ,
1060 2572 1129 2652 γ20

214 2656 288 2717 Nex
310 2658 469 2731 doliorum,
490 2658 658 2716 temulenta
672 2659 721 2716 hie
744 2659 883 2717 eonditor

216 2745 304 2803 Anus
326 2744 473 2804 Maronis.
497 2744 633 2820 sculptus
658 2751 705 2802 est
725 2743 840 2802 tumulo
867 2762 967 2819 super,

214 2827 402 2904 Cunetisque
423 2829 621 2888 noscitandus
644 2829 762 2887 Atticus
783 2828 872 2887 calix.

214 2911 306 2975 Nune
324 2915 373 2974 vel
395 2914 515 2991 sepulta
535 2933 594 2972 non
617 2914 683 2972 viro
704 2921 756 2972 aut
775 2915 855 2973 natis
877 2932 971 2991 super
1020 2973 1023 2983 ,

214 2998 293 3071 Flet,
317 3018 394 3074 quos
416 2999 538 3074 reliquit
560 3018 658 3057 rerum
682 3018 797 3076 egenos
820 2999 968 3058 omnium:

214 3084 296 3144 Illud
314 3083 367 3143 flet
387 3103 491 3157 unum,
512 3084 590 3160 quod
604 3084 692 3142 <calix
712 3085 814 3143 inanis
837 3095 893 3144 est.

469 3247 510 3312 ‘H
532 3245 670 3332 Βρόμιον
694 3249 853 3331 οτέρξαοα.
1058 3249 1128 3327 γῖθ

216 3336 301 3411 Quae
319 3337 483 3411 Bacchum,
506 3357 695 3415 quamquae
716 3340 820 3397 nutrix
840 3337 1005 3396 lactaverat
1024 3335 1095 3407 Ino,

256 3422 332 3482 Plus
354 3422 469 3496 dilexit,
493 3443 569 3482 anus
589 3425 722 3501 garrula,
744 3422 968 3493 Aristomache,

213 3507 384 3584 Postquam
403 3509 546 3568 mandata
571 3520 618 3568 est
638 3510 764 3582 tumulo,
787 3516 958 3581 terramque
978 3505 1092 3565 subivit

257 3595 379 3653 Mortua
399 3594 472 3666 iam,
497 3594 592 3653 multo
614 3594 735 3670 iamque
756 3600 884 3669 operata
903 3609 1015 3651 meror.

216 3678 285 3737 Huo
306 3680 420 3752 Minos,
448 3679 501 3753 ait,
522 3680 581 3736 huo
604 3699 711 3738 urnam
734 3678 809 3736 milri
829 3677 913 3735 defer
928 3676 1063 3750 inanem,

218 3815 224 3830 ,
257 3763 301 3824 Ut
322 3782 405 3822 rores
428 3764 556 3823 haustos
575 3785 613 3823 ex
636 3766 806 3824 Acheronte
826 3763 931 3822 feram.
