2884 4650
564 557 713 652 Q

183 721 381 796 Mensamque
404 722 537 797 calcem,
568 724 615 784 ius
640 728 788 804 supinans
813 736 844 787 et
863 731 987 806 bonnm,

183 805 278 864 Fetae
298 808 420 866 modum
442 817 563 868 secutus
585 829 675 869 ursae
696 813 870 871 incicorem.

182 893 264 970 Ergo
286 900 444 969 stupentes
465 893 579 953 frustra
596 897 727 956 tundens
750 899 882 969 nervias,

182 977 315 1055 Egentia
337 984 367 1035 et
386 978 487 1037 ieiuna
506 979 636 1040 fundens
658 983 807 1041 carmina:

184 1062 247 1124 Sed
265 1063 342 1121 flens
365 1062 463 1122 adibis
484 1065 614 1138 patriam
631 1066 789 1126 incensam
810 1068 906 1144 prius,

182 1148 331 1225 Exangue
353 1155 503 1223 spectrum
524 1149 664 1210 baiulans
684 1152 765 1211 ulnis
787 1152 848 1210 tuis

183 1233 249 1291 Iam
269 1232 399 1307 quinque
421 1239 532 1308 nuptae
553 1233 698 1311 Thyados
726 1236 919 1297 Pleuroniae.

183 1316 276 1378 Satae
300 1325 419 1376 cataces
441 1337 569 1393 namque
593 1318 775 1380 Carmentae
795 1325 872 1380 mari

183 1403 249 1460 Iam
272 1402 412 1479 panuclis
433 1422 543 1461 nevere
564 1405 663 1478 trinis,
687 1407 832 1484 coniuges

184 1487 407 1546 Thalassiones
428 1489 558 1563 quinque
581 1490 735 1550 celebrare
754 1493 853 1551 illius:

183 1572 273 1632 Duos
296 1572 416 1648 quidem
438 1572 540 1631 videre
562 1577 733 1649 praedones
754 1578 845 1655 lupos

184 1657 260 1717 (late
280 1658 433 1715 intuentes
454 1669 616 1735 praepetes
636 1661 847 1722 immussulos:

183 1742 276 1820 Plyni
298 1750 328 1800 et
347 1743 507 1818 Libyssae,
534 1742 691 1820 (laricique
711 1748 838 1824 gurgitis

183 1828 210 1886 Ε
236 1828 330 1902 stirpe
351 1836 462 1885 cretum
486 1829 647 1888 semicreta
667 1832 839 1904 barbarum,

183 1915 223 1972 Et
244 1931 314 1971 vere
334 1912 462 1989 llpcum,
484 1931 541 1971 nec
560 1915 681 1988 quidem
700 1917 847 1995 Argivum
867 1925 945 1989 satu,

184 1996 338 2072 Ouiusque
355 2017 445 2056 avum
464 1999 615 2071 quondam
634 1999 666 2057 in
686 1997 853 2060 molaribus
872 2004 937 2062 suis

183 2083 349 2158 Hercynna
368 2083 483 2154 Educa,
505 2100 582 2156 quae
603 2085 681 2161 gerit
700 2087 892 2162 secespitam,

182 2168 300 2227 Fartim
317 2167 443 2226 minutal
465 2168 651 2241 frendicens,
679 2171 791 2229 tumulo
811 2172 929 2244 indidit,

182 2253 312 2312 Humeri
335 2272 432 2311 vorax
451 2253 571 2329 epulata
593 2255 817 2335 cartilaginem:

183 2338 282 2413 Quem
303 2338 414 2396 dudum
437 2339 569 2397 adultum
592 2342 731 2415 virbium,
757 2351 787 2400 et
810 2343 966 2421 cupidines

145 2424 147 2429 ’
183 2424 302 2485 Graves
326 2432 481 2482 caventem
499 2425 620 2483 navium
640 2428 738 2502 promi
760 2427 808 2485 dei

183 2510 270 2569 Misit
294 2507 442 2569 Terentus
461 2510 492 2566 in
516 2510 660 2569 Letrinae
680 2512 786 2590 iugera
835 2584 839 2588 sp

184 2594 280 2656 Ocrin
299 2601 438 2671 paratum
459 2596 622 2670 praeterire
641 2597 786 2673 Molpidis

181 2680 325 2739 Lustrale
347 2680 429 2739 caesi
451 2698 559 2755 eorpus
579 2682 704 2741 imbrico
723 2683 801 2742 Iovi.

183 2764 288 2826 Soceri
307 2765 339 2822 in
358 2765 474 2823 ruinam
497 2766 547 2839 qui
568 2767 729 2824 trucidavit
751 2786 862 2842 procos

182 2850 277 2909 Iustis
298 2850 449 2922 nefandis,
469 2870 546 2925 quae
569 2850 690 2909 Camilli
709 2853 790 2911 filius

181 2935 325 2993 Paravit:
342 2935 394 2993 ille
415 2935 524 3011 poculo
548 2938 696 2996 exhausto
717 2937 834 3011 ultimo,

182 3018 368 3097 Cognomini
390 3020 527 3097 sepultus
551 3029 598 3080 est
619 3021 751 3096 Salacia,

184 3104 314 3165 Suasam
337 3106 401 3165 suis
422 3106 524 3163 labem
543 3105 681 3183 insipans
702 3109 866 3181 natalibus,

182 3189 280 3250 Surae
300 3191 422 3266 petillae
443 3189 570 3267 Psyllan
592 3194 735 3271 aurigans
757 3214 877 3268 equum,

180 3276 305 3333 Picatae
329 3284 358 3333 et
376 3276 566 3352 Harpinnam
587 3298 690 3355 parem
712 3280 825 3357 ungula
847 3278 949 3355 Strigi.

182 3360 320 3419 Tandem
340 3361 394 3419 illa
413 3369 549 3438 quartum
569 3365 690 3422 fratrem
710 3365 808 3422 adhuc
827 3362 958 3421 tuebitur

180 3446 324 3504 Lircanei
344 3448 525 3523 acceptoris:
544 3448 596 3507 ille
619 3470 635 3507 e
656 3450 798 3507 fratribus
914 3445 1091 3522 [Circaaeil]
1185 3512 1188 3518 ¹

179 3532 308 3608 Pugnae
327 3533 491 3591 secundum
513 3534 677 3593 acerrimae
700 3533 881 3611 palmarium
1090 3540 1141 3595 170

181 3616 308 3677 Tulisse
325 3624 397 3676 tunc
420 3626 561 3677 canetur..
575 3628 664 3694 atque
687 3620 719 3676 in
740 3616 881 3694 stragulis

181 3701 327 3776 Quintum
347 3703 448 3762 anxiis
469 3704 501 3761 in
523 3705 650 3765 somniis
675 3703 840 3761 exercitum

180 3787 311 3846 lactabit
333 3795 399 3847 atro
422 3789 563 3867 imaginis
585 3788 727 3861 ludibrio,
