2884 4650
575 528 727 622 *Q

190 687 378 772 Προαδῆκαι
399 689 555 773 λαχάνων.
573 689 765 777 Ὑγιεότερος
788 693 818 756 εῖ
833 695 1028 779 κολοκόντης.
1107 703 1110 716 “

190 773 311 858 Πρόρα
330 773 465 857 πρόμνα.
498 772 563 857 Πρδ
583 781 637 858 τῆς
655 779 738 861 νίκης
761 777 904 842 ἐπινίκιον
928 778 1019 864 ᾄδεις.

190 859 256 927 me
278 859 300 941 ἢ
322 857 388 926 λάξ.
410 856 490 920 Δότε
505 881 558 940 μοι
578 862 722 943 λεκάνην,
737 860 817 925 δότε.
841 860 984 932 Βοῦςέπλ
1000 871 1102 950 αωρηῖ,

189 943 257 1026 Πῦρ
281 943 333 1004 ἐπὶ
353 946 413 1026 πῦρ
456 943 569 1011 άλλεις.
591 945 695 1030 Ἀρχά
719 945 852 1009 δείκνυσι
874 950 924 1011 τόν
950 948 1055 1032 ἀνδρα.

189 1027 417 1196 Πυρπαλάμης.
448 1023 517 1090 Oea
535 1025 605 1097 Μῦς
628 1030 659 1092 ἐν
682 1029 776 1114 Πίση.
799 1031 1084 1117 Φαινοπροαωπεῖν.

191 1111 237 1176 Πυ
260 1113 316 1196 ῥδς
338 1112 430 1187 ἅπαξ,
453 1113 573 1181 δεκάκις
593 1113 726 1198 χλωρός.
754 1117 892 1178 Δειπνεῖν
910 1141 947 1200 με
971 1117 1105 1180 δίδασκε.

190 1195 397 1280 Πτωχότερυς
416 1184 713 1282 Παόσωνος.”Υδωρ
736 1201 788 1263 καὶ
810 1206 883 1282 γαῖα
905 1201 1056 1284 γένοισθε.

189 1280 358 1352 Σελλίζειν.
382 1279 534 1344 Ἀπόνοια
557 1280 720 1363 Γιγάντων.
745 1285 857 1390 Ψῆρος
873 1285 1019 1369 Ἀθηνᾶς.

190 1365 291 1450 Σήψει
311 1365 363 1428 καὶ
377 1364 490 1449 πέτραν
514 1366 531 1428 ό
555 1367 652 1436 πολὺς
671 1368 792 1452 χρόνος.
812 1365 918 1454 Ἕριος
931 1370 1050 1454 Ἄρηος

189 1449 319 1522 Σιτίζεις
338 1449 462 1533 ἀκόνην.
482 1447 586 1513 Ποιεῖν
609 1453 637 1514 τὶ
659 1454 716 1533 δεῖ,
739 1453 784 1521 οῖς
802 1453 874 1536 γόνυ
896 1454 1030 1540 χλωρόν.

190 1535 364 1618 Σκήπτεται
384 1532 402 1597 έ
424 1556 520 1619 πορος
539 1534 627 1600 εἶναι.
644 1533 792 1602 Ἐτόισιον
819 1537 917 1623 άχδυς
937 1538 1080 1623 ἀρυόρης.

190 1620 305 1703 Σκυρία
331 1616 389 1688 αῖξ.
416 1620 487 1684 Απδ
510 1618 601 1684 πέντε
620 1626 732 1704 πετρᾶν
755 1624 799 1691 εἰς
812 1623 884 1707 κῦμ’
907 1623 1094 1688 ἐσαλέαδαι.

190 1705 404 1788 Σμυρδυρίνου
428 1706 638 1788 ἁπαλώτερος.
652 1701 743 1776 Ἥλιε
765 1709 857 1791 ἥλικα
877 1707 990 1791 τέρπει.

191 1789 370 1872 Στιγματίαι
389 1788 510 1870 Σάμιοι.
531 1786 612 1858 Τοὺς
633 1789 663 1852 δ’
684 1791 721 1853 οὐ
743 1793 797 1873 μία
809 1793 924 1860 πάντας
940 1792 1009 1873 ἀγυι
1021 1797 1103 1875 νηῦς.

191 1873 232 1936 Σδ
245 1871 522 1957 σκώπτειςμὲνέμ.
541 1873 635 1957 ἐγὼδ
645 1874 826 1958 όνοςόομαι.
841 1876 1102 1961 Ἀσπιδαπυβλής.

190 1957 358 2043 Συμμαχίη
384 1957 460 2041 μετά
481 1961 530 2022 τὸν
551 1958 699 2036 πόλεμον.
721 1957 787 2045 Πῦρ
811 1961 904 2023 δαλδν
929 1959 1070 2023 ἐπελθόν.

190 2042 250 2106 Σδν
275 2044 312 2106 δὲ
332 2043 401 2105 θεοῖ
421 2044 566 2126 μάκαρες.
590 2042 680 2127 Παρὰ
696 2044 857 2126 τῆςαύλῆς
872 2043 909 2107 τά
922 2044 980 2126 τρί’
998 2043 1102 2112 εἴποις.
1153 2067 1156 2080 ·

191 2127 332 2212 Σχοινίων
359 2127 390 2196 ἐξ
412 2126 528 2211 άμμου.
549 2127 664 2192 Ξενίων
690 2129 725 2191 δέ
747 2152 780 2192 τε
799 2129 898 2211 δυμδς
924 2127 1054 2212 ἀριστος.

192 2209 238 2275 Τὰ
260 2212 330 2296 τρία
350 2216 411 2274 τῶν
434 2213 476 2280 είς
496 2214 548 2275 τδν
570 2212 713 2276 δάνατυν.
734 2211 956 2298 Ταχυβάμυνες
980 2213 1074 2296 ὅρκοι.

192 2293 253 2360 Τάν
279 2297 335 2360 ἀπ’
356 2294 487 2381 ἀρότρου
502 2303 585 2361 παῖε.
604 2296 687 2382 Πρδς
707 2299 877 2383 ἐρρωγυῖαν
904 2297 1025 2367 ἀείδεις.

190 2379 251 2445 Τάν
275 2381 354 2444 κατὰ
379 2383 488 2445 εαυτδν
509 2379 576 2447 ἔλα.
599 2383 699 2446 Λόκυν
720 2383 808 2452 εἶδες.
829 2379 915 2450 Βοῦς
929 2382 978 2447 ἐπὶ
992 2385 1101 2469 φάτνη.

190 2462 251 2529 Τδν
273 2471 452 2551 παρεοῦσαν
475 2466 599 2550 ἀμελγε.
623 2467 736 2536 Φέναξ.
758 2467 959 2550 Ἀδδηιράγον
980 2468 1073 2551 ἀρμα.

191 2547 251 2613 Τάν
280 2550 391 2636 σοφίαν
415 2548 510 2635 ἔλαχ’
533 2553 553 2614 ά
573 2552 672 2615 πενία.
691 2550 780 2615 Μετὰ
799 2550 927 2699 Λέομιον
951 2550 1041 2657 ηἰδόν.

190 2631 252 2704 Τὰς
271 2635 423 2720 κέγχρους
445 2636 671 2719 ἀπυτυρνεόειν.
693 2632 855 2719 Ῥαδαμάν
881 2657 933 2703 υος
957 2658 1055 2721 υρκος.

191 2716 252 2788 Τὰς
273 2721 365 2803 μυίας
387 2721 477 2789 ἀετὸς
499 2721 651 2805 δηρεόων.
681 2718 919 2803 Βεκκεαέληνυς.

190 2800 314 2889 Τειχίον
333 2803 516 2889 Ἱππάρχου.
538 2803 702 2889 Κορδύλης
725 2805 808 2876 άίιος
830 2805 886 2867 οὐκ
908 2804 945 2867 εί.

189 2884 379 2973 Τηλεμάχου
401 2889 509 2975 χότρα.
530 2889 673 2973 Πόλεμος
693 2890 786 2972 γλυκὺ
811 2894 930 2973 πρῶτον
956 2890 1101 2973 ἀπείροις.

190 2968 251 3056 Τὴν
270 2975 370 3057 θήραν
390 2974 565 3059 προαοβεῖς.
588 2973 696 3058 Πηλοδ
718 2975 816 3043 πόδας
832 2975 918 3043 ἐκτὸς
942 2974 1063 3059 ἀείρειν.

190 3052 252 3141 Τὴν
276 3057 402 3141 κραδίην
425 3062 526 3142 τηρεῖν
552 3060 583 3122 ἐν
605 3060 708 3144 πείση.
730 3058 866 3145 Καρικδς
884 3059 974 3128 οἶνος.

189 3139 231 3205 Τδ
254 3142 444 3226 κρόαταλλον
467 3146 483 3207 ὁ
506 3149 586 3213 παῖς.
605 3144 832 3229 Ἀτρεκέατερα
853 3148 912 3207 τῶν
927 3143 976 3207 ἐπὶ
988 3139 1101 3223 Σάγρᾳ.

189 3223 241 3295 Τίς
259 3230 345 3311 χρεὼ
369 3226 548 3311 πυθομένου
569 3230 725 3313 κρομόου;
745 3227 936 3313 Κυλοφωνία
959 3227 1051 3333 όβρις.

189 3306 249 3375 Τόν
274 3312 404 3396 δελφῖνα
422 3314 499 3395 πρὸς
518 3313 644 3397 οὐραῖον
667 3316 739 3385 δεῖς.
762 3312 814 3381 Τίς
833 3312 945 3396 τρόπος
967 3330 1082 3385 ιππων;

190 3391 249 3459 Τὸν
273 3396 437 3481 κυλυφῶν’
458 3396 619 3481 ἐπέθηκεν.
633 3394 717 3463 Ὅσα
738 3398 902 3484 ψεύδονται
924 3392 1046 3478 όνειρυι.

136 3502 140 3508 ’
189 3475 250 3542 Τδν
275 3480 359 3549 ξένον
381 3480 419 3545 οὐ
443 3483 494 3543 δεῖ
514 3482 562 3545 ἀεὶ
585 3483 669 3552 ξένον
689 3484 778 3549 εἶναι.
800 3480 941 3546 Θόλακυς
962 3479 1065 3548 ἀσκὸς.

189 3559 250 3627 Τδν
271 3562 386 3649 Πελίαν
408 3566 548 3629 λοόααιυ.
573 3566 639 3630 Μία
660 3566 811 3633 Μόκονος.
835 3561 917 3627 Μέλι
938 3564 1061 3650 λείχειν.

188 3644 253 3711 Τοῦ
276 3654 404 3733 πτωχοῦ
424 3651 510 3735 πήρα
530 3650 567 3715 υίι
588 3653 768 3734 πίμπλαται.
789 3648 906 3733 Αίματι
927 3650 1052 3714 κλαίειν.

188 3727 315 3818 Τυφλδς
327 3736 470 3803 πλοῦτος.
489 3731 593 3805 Ὀδάξ.
616 3737 694 3800 Ἀνά
706 3757 755 3799 σοι
769 3735 842 3797 τάδε
851 3734 949 3799 πάντα
959 3730 1101 3817 λεπαργέ.
