2884 4650
555 557 704 652 Ε-
823 527 825 542 .

172 715 307 782 Οἴκοθεν
334 720 350 782 ό
375 721 497 802 μάρτυς.
524 716 589 783 Οὐκ
610 720 683 784 ἄνευ
707 743 742 803 γε
765 718 902 803 Θησέως.

71 810 72 817 ’
165 799 301 886 Ὀμνυσι
320 802 458 887 Λάμπων
479 808 570 888 χῆνα.
594 803 771 876 Παιζόντων
796 804 893 874 πόλις.

165 884 262 955 Ὄνος
287 887 318 949 ἐν
344 889 504 970 μελίτταις.
529 885 594 952 Οὐκ
617 889 690 953 ἄνευ
714 887 829 974 χρόνον
853 891 951 972 φίλος.

169 969 261 1039 Ὀνος
284 971 315 1034 ἐν
339 973 491 1054 πιθήκοις.
510 971 593 1056 Πρδς
617 974 696 1042 ἅλας
712 974 934 1058 ἠγορασμένος.

166 1053 261 1123 Ὀνος
280 1057 356 1139 πρὸς
375 1056 480 1120 αῦλόν.
503 1056 630 1141 Μικρὸς,
642 1059 758 1141 ’ἡλίκος
778 1056 905 1123 Μόλων.

167 1137 298 1224 Ὀρδὴν-
313 1142 456 1226 βαδίζεις.
477 1140 517 1205 Ἡ
539 1145 660 1226 κορώνη
682 1143 812 1206 Δαολία.

167 1221 301 1289 Ὀστοῦν
323 1223 420 1288 ἔνεστι
440 1232 486 1311 τοῦ
505 1226 597 1309 λόγῳ.
617 1227 733 1310 Γοργόν
761 1227 877 1312 βλέπει.
974 1241 975 1244 ’

172 1307 251 1374 Οὐδ’
269 1309 300 1372 ἐν
324 1311 453 1378 σελίνοις
476 1311 548 1373 ἐστί.
567 1309 652 1380 Βοῦς
670 1309 850 1381 Μολόττιος.

172 1392 219 1460 Οῦ
242 1417 324 1456 νοκτι
346 1397 469 1463 πλωεις.
500 1391 684 1478 Οπολεμος
705 1398 826 1460 πάντων
848 1400 958 1482 πατήρ.

172 1477 250 1545 Οὐδ’
273 1478 357 1563 ὄναρ.
374 1475 413 1542 ‘0
435 1478 594 1549 δασύπους
612 1484 663 1545 τὸν
685 1482 755 1565 περὶ
776 1486 873 1564 κρεῶν
895 1484 1008 1570 τρέχει.

172 1562 219 1630 Οῦ
241 1561 330 1640 Χῖος,
354 1564 434 1626 ἀλλὰ
455 1561 557 1633 Κῶος.
579 1564 735 1645 Αἰγύπτου
757 1568 864 1648 γάμος.

173 1646 240 1712 Οὐκ
263 1648 313 1710 ἐπὶ
332 1645 504 1731 Χαριξένης
526 1651 592 1713 τάδ’
617 1649 692 1718 ἔστὶ.
715 1649 793 1732 Αἴας
815 1653 899 1735 γελᾷ.

172 1729 239 1797 Οὐκ
262 1730 350 1814 ἔργον
376 1733 476 1816 ἕδρας.
496 1733 709 1818 Ἀποτράγημῗ
731 1735 901 1804 ἀλώπεκος.

172 1813 239 1881 Οὐκ
259 1816 318 1878 οἶδ’
339 1817 355 1879 δ
374 1820 512 1900 κρώζεις.
533 1816 586 1901 Μὴ
610 1817 707 1902 βάδιζ’
734 1816 805 1880 ἄνευ
830 1818 933 1888 Εόλον.

169 1899 296 1986 Ὀχλεῖς
319 1903 417 1984 μάτην
441 1925 479 1983 με
501 1902 574 1985 κῦμ’
599 1903 692 1970 όπως.
709 1899 819 1986 Ἔχεις
839 1906 945 1984 γαλῆν.

170 1985 250 2053 Παῖς
268 1987 358 2070 πατρὶ
381 1985 473 2068 λόπη.
497 1986 619 2070 Πρῦγμ’
644 1988 820 2069 ἀναγκαῖον,
843 1987 946 2051 κακόν.

170 2069 363 2154 Παρεόρεσις
387 2064 532 2165 Θράκεγια.
555 2071 685 2156 Λέσβιος
705 2069 823 2156 πρόλις.
922 2073 1085 2158 [δρᾳκίαί]
1205 2108 1207 2113 ·

170 2154 296 2239 Πάρνοο
321 2156 446 2238 σκάὶρος.
469 2153 632 2238 Κρότωνος
652 2156 834 2241 ὑγιέστερος.

170 2238 316 2342 Πάσιγητος
337 2241 525 2345 ἡμρώβολος.
547 2240 648 2324 Σκότη
671 2240 789 2389 βλέπει.

169 2323 269 2429 Πηλιρ
292 2324 450 2406 καθαιρεις
470 2326 579 2408 πηλόν.
594 2323 652 2393 Ὗς
701 2327 818 2389 οιωτία.

70 2447 74 2478 ς
169 2408 344 2478 Πλευσειας
367 2411 411 2477 εἰς
433 2406 595 2494 Τροιζῆνα.
618 2409 759 2492 Πέμματ’
781 2410 911 2473 Ἄττικά.

70 2490 76 2512 '
171 2492 258 2577 Πλὴν
283 2492 376 2562 εἴτις
398 2493 478 2577 ὄρνις
496 2494 582 2557 οἶδεν
605 2491 764 2577 ἡμᾶςἛν
788 2496 864 2578 πρὸς
885 2495 926 2559 ἕν.
1032 2560 1035 2571 γ

170 2577 316 2661 Πόλεμος
337 2577 480 2661 ἄδακρυς.
496 2576 540 2642 Ἢ
562 2582 624 2665 τρὶς
647 2579 728 2661 ἓέ,ἣ
751 2580 812 2663 τρὶς
833 2578 932 2662 κόβοι.

169 2660 284 2747 Πόβρω
309 2662 381 2731 Διός
405 2687 438 2725 τε
457 2665 509 2727 καὶ
528 2669 692 2749 κεραυνοῦ.
713 2662 805 2747 Μηδὲ
825 2668 890 2748 γρῦ.

169 2744 272 2815 Πότος
292 2748 431 2815 Λυκεῖος.
451 2747 595 2819 Ἀκεσίας
617 2750 734 2813 ἰάσατο.

170 2828 246 2916 Πρὶν
268 2832 287 2915 ἢ
312 2833 415 2894 πτίσαι
433 2832 578 2918 τάλεορα.
602 2833 662 2898 Τὸν
687 2835 806 2919 φαλλὸν
828 2832 903 2918 θεῷ.

170 2912 359 3001 Προβάτειον
381 2916 468 3000 ἦδος.
488 2916 643 3004 Ἀρκάδας
666 2918 865 3002 μιμοόμενος.

170 2996 254 3085 Πρὸς
274 2998 425 3083 Κώροκον
444 3006 648 3087 γυμνάζομαι.
673 3003 773 3071 Λόκος
794 3005 909 3088 χανών.

170 3080 422 3168 Προσεγκαλοῦσ’
449 3087 479 3147 οἱ
500 3092 611 3171 φῶρες.
631 3089 735 3170 Αἰγῶν
759 3088 905 3171 ὀνόματα.

170 3166 503 3254 ΠροσέληνοςἌρκάς.
533 3172 704 3256 Ἀκρότητα
727 3172 880 3257 κόμβαλα.

171 3251 374 3339 Πτωχότερος
391 3252 483 3338 Ἴρου.
506 3254 588 3340 Πρὸς
612 3256 676 3319 δόω
700 3256 732 3319 δ’
756 3258 824 3319 οὐδ’
842 3254 1008 3341 Ἡρακλῆς.

170 3336 257 3421 Πυγὴ
279 3338 428 3421 γυναικός.
448 3336 486 3403 Ὁ
510 3341 560 3404 διὰ
584 3340 747 3425 φρατόρων
767 3342 860 3411 κόων.

169 3419 317 3505 Πώγωνα
339 3425 460 3487 τιλλειν.
482 3422 552 3488 Ἐπὶ
571 3425 653 3510 δόμα
675 3428 728 3509 τὴν
753 3428 890 3509 ὑδρίαν.

169 3504 342 3591 Σαλαμινία
365 3514 447 3577 ναῦς.
470 3508 574 3573 Πάντα
594 3511 683 3575 κοινὰ
703 3516 763 3574 τῶν
787 3510 894 3591 ριλων.

170 3588 287 3675 Σάμιος
304 3594 449 3678 κομήτης.
471 3591 615 3664 Τενέδιος
638 3598 814 3679 συνήγορος.

170 3672 297 3746 Σικελὸς
317 3678 488 3746 θάλασσαν.
511 3676 566 3747 Εἰς
583 3682 675 3748 κυνὸς
696 3677 794 3759 πυγὴν
818 3676 886 3759 όρα.

170 3756 314 3825 Σκυθιστὶ
337 3765 424 3825 πίνει.
447 3763 508 3844 Γῆν
531 3766 590 3846 πρὸ
613 3768 668 3845 γῆς
688 3760 858 3825 ἐλαόνεται.
