2884 4650
707 553 857 650 „ffl-

326 722 475 794 Persona,
495 722 625 798 primum
646 741 737 798 quam
757 723 812 782 tibi
831 722 1035 798 imposiven'a,

326 808 376 868 Ad
399 806 534 865 ultimum
555 825 652 882 usqua
673 807 844 882 perferatur
866 807 988 870 exitum.

327 891 395 951 Nec
415 892 446 949 in
465 911 589 951 recessu
609 891 782 951 solitudinis
804 893 887 950 ferae
981 933 982 940 κ

327 979 422 1036 Actus
444 979 586 1036 honestos
604 976 764 1052 squallidis
786 977 914 1034 inertiae

327 1062 449 1120 Damna
470 1062 615 1120 tenebris.
638 1060 699 1119 Cur
719 1063 893 1136 relinquens
913 1070 944 1118 te
967 1060 1055 1132 foria,

329 1147 375 1206 Te
396 1166 502 1206 rursus
524 1146 598 1204 alibi
614 1146 758 1220 quaeris?
779 1145 946 1208 Hominum
970 1164 987 1203 e
1009 1145 1147 1203 coetibus

328 1233 424 1292 Exire
443 1232 579 1307 ineptum
600 1239 658 1304 cst,
681 1240 844 1308 antequam
866 1232 967 1290 evita
989 1249 1093 1289 exeas.

608 1402 638 1457 3.
680 1401 791 1480 Doctus
810 1404 842 1458 io
866 1401 953 1459 Aulo.

331 1484 439 1545 Cultor
459 1481 622 1542 camoenis
648 1484 741 1542 debiti
763 1485 876 1544 silentii

329 1569 462 1628 Finxere
481 1575 585 1643 pectus
607 1569 655 1625 cui
673 1569 798 1644 politum
821 1569 939 1642 literae,

329 1653 451 1713 Venisti
473 1653 506 1710 in
524 1653 624 1710 aulam
643 1653 779 1713 literatus
805 1655 918 1712 arbiter

329 1738 521 1817 Negotiosae
543 1747 573 1795 ct
592 1738 746 1812 inquietae
766 1739 904 1798 inertiae.

331 1825 359 1884 O
382 1823 470 1899 quale
492 1823 585 1881 debes
610 1824 752 1883 omnibns
776 1825 938 1882 ludibrium

330 1909 455 1969 Asellus
480 1908 559 1966 inter
580 1909 702 1967 simias!
728 1909 815 1967 Tune
836 1909 895 1978 hic,
917 1907 969 1965 ubi

330 1995 432 2055 Unum
454 2013 471 2051 e
492 2001 539 2052 tot
559 1993 714 2053 bominum
735 1993 825 2071 plebe
847 1994 898 2051 vix
922 1992 1072 2050 bominem
1094 1990 1205 2050 vides?

331 2081 392 2140 Ubi
415 2079 458 2137 nil
476 2079 520 2136 tui
540 2079 591 2151 sit,
613 2079 717 2137 nullus
736 2080 785 2137 bic
804 2079 887 2137 locus
908 2077 962 2136 tibi
984 2084 1040 2136 ost.

525 2271 529 2278 ·
601 2249 630 2305 t.
673 2247 790 2306 Nobilis
809 2251 966 2323 impensus.

333 2333 412 2395 Sunt
432 2332 596 2393 discolores
618 2333 755 2393 restibus
775 2332 875 2409 plebs,
899 2332 1030 2392 nobiles.

334 2418 395 2480 Sed
416 2418 589 2477 concolores
613 2429 684 2477 aunt
707 2418 826 2492 utrique
847 2416 993 2477 moribus.

334 2590 363 2646 5.
407 2588 531 2645 Amicus
554 2607 574 2645 a
594 2595 625 2645 te
649 2587 769 2663 siquid
790 2593 950 2663 exspectat
974 2584 1057 2657 boni,

332 2672 370 2730 Id
388 2691 476 2730 omne
495 2672 585 2730 debet
603 2674 719 2750 expeti,
740 2692 802 2731 non
821 2671 961 2749 exprimi.

333 2758 461 2817 Extorto
482 2758 632 2815 neminem
653 2758 800 2834 obligavit
818 2756 925 2834 gratia.

333 2845 362 2901 A
384 2862 447 2900 non
469 2842 588 2900 volente
608 2843 687 2917 quod
706 2842 805 2915 datur,
830 2862 891 2901 non
912 2841 1020 2900 debeo.

335 3013 364 3071 6.
404 3010 567 3069 Illiber-alis
586 3010 772 3087 indigentem
795 3028 886 3084 quum
909 3009 1000 3081 videt,

335 3096 551 3167 Occasionem,
572 3112 625 3151 cur
643 3095 719 3152 nihil
741 3096 802 3167 det,
824 3100 982 3169 aucupet.¹

336 3183 413 3259 Quis
429 3188 461 3239 tu
477 3180 535 3239 esi
557 3180 630 3254 quid
645 3199 679 3238 es
693 3181 757 3238 mi?
776 3181 936 3256 proximus
951 3197 1018 3237 sum
1028 3184 1150 3254 egomet
1162 3174 1248 3249 mibi,
1270 3212 1273 3223 ·

334 3268 404 3327 Hoc
422 3287 486 3326 non
505 3265 635 3337 habebo,
658 3265 738 3339 quod
759 3265 848 3324 dabo.
871 3263 1074 3341 Indigentiam

336 3352 511 3413 contemnit
533 3350 664 3409 alienam
685 3350 749 3423 ille,
771 3350 821 3427 qui
842 3369 928 3423 suam
946 3348 1043 3405 timet.

337 3522 366 3579 7.
413 3524 545 3581 Assuete
565 3539 682 3598 pauper
703 3519 838 3577 invidere
858 3518 952 3591 diviti,

338 3604 395 3665 cui
414 3624 535 3683 semper
557 3608 623 3666 eius
647 3624 687 3663 ex
709 3604 798 3663 bonis
819 3604 898 3662 oculi
920 3602 1035 3673 dolent,

338 3689 496 3750 Contende
520 3700 609 3769 captu
628 3710 695 3749 cum
719 3698 770 3747 tuo
791 3698 910 3765 coptum
931 3687 1025 3746 illius.

337 3775 510 3835 Habentiae
529 3778 594 3835 eius
616 3785 649 3833 tu
670 3774 849 3848 aemulator,
869 3774 917 3831 hic
939 3780 1009 3830 tuas
1029 3777 1076 3829 est
