2884 4650
689 540 841 636 ’,λ-ὓδ-

352 704 430 789 δρθὴ
454 705 571 774 παστὰς
595 704 681 769 ἐούσ’
707 706 764 769 οδκ
788 705 824 769 ἂν
846 656 944 811 ἔδειξε
965 704 1069 773 θεοὺς.

308 877 400 948 8,68.
422 872 455 941 δς
476 878 530 936 τοῦ
553 870 715 958 Κορκύρης
736 872 782 957 ύρι
796 894 859 950 ους,
875 870 1031 948 Ἐντελλε,
1053 874 1201 957 τυράννου

352 956 426 1034 εἶδε,
449 957 607 1042 προτιμῴη
630 959 681 1021 τὸν
707 960 759 1021 σδν
773 897 954 1021 ἐνοικίδιον.

309 1041 490 1126 πορφυρέας
510 1042 560 1104 ἵνα
584 1044 625 1126 μὴ
651 1042 809 1126 σταφυλὰς
831 1043 909 1105 κατὰ
928 1044 1046 1127 πάχνος
1068 1042 1171 1125 ἰάπτη,

351 1127 403 1189 καὶ
422 1131 521 1210 ψύχος
544 1124 671 1211 Βάκχου
692 1129 733 1209 μὴ
755 1127 847 1208 γάνος
867 1126 926 1209 ἠδδ
953 1128 1044 1209 δάκη,

311 1214 350 1295 ζῇ
370 1210 485 1293 τοίχοις
507 1208 684 1295 ἔμφρουρος
707 1212 738 1273 ἐν
764 1212 924 1274 ύελινοῖσίν
950 1212 1070 1295 ὀπώρη,
1116 1210 1120 1219 ’

351 1293 496 1357 κεύθεται
517 1295 686 1378 εὐδαίμων,
709 1295 780 1358 ούτε
801 1295 927 1378 λέληθε,
952 1296 1069 1382 βότρυς.

309 1379 393 1442 ούτω
416 1381 496 1441 λιτὸν
522 1380 600 1463 ύφος
622 1380 778 1463 διαφαίνει
800 1386 907 1465 χρῶτα
929 1378 1082 1462 γυναικός,

351 1464 451 1531 οὕτως
475 1462 604 1548 ἐκκρίνει
634 1469 730 1548 ’ᾖρον
754 1464 920 1548 ἀκραιφνὲς
941 1465 1036 1547 ὕδωρ.

309 1548 359 1611 καὶ
381 1547 411 1611 τί
432 1546 604 1632 ἀτύλμητον
626 1488 767 1633 Βροτέαις
791 1548 880 1633 φύσις
901 1547 987 1611 εἴασε
1007 1548 1147 1633 τέχναις;

352 1630 482 1695 εἴθισται
503 1636 621 1717 χειμὼν
644 1638 763 1717 στεῖρος
782 1634 1008 1717 δπωροφορεῖν.

313 1803 413 1875 12,31.
424 1800 506 1863 τοῦτ’
515 1801 619 1876 άλσος,
628 1805 737 1883 κρῆναι
750 1824 793 1879 τε,
801 1801 1012 1885 καὶήμερίδων
1022 1798 1084 1863 τύδ’
1093 1800 1223 1884 ὕφασμα

353 1884 473 1949 εὔσκιον
496 1888 517 1970 ἥ
537 1884 569 1947 τ’
592 1886 686 1968 ἐλατὴ
711 1886 824 1970 ῥύακος
846 1884 995 1971 ὑδροχύη,

309 1971 360 2035 καὶ
382 1972 506 2054 λειμὼν,
527 1971 578 2035 καὶ
602 1968 729 2055 Παιστῷ
753 1971 903 2053 ἐρίζοντες
926 1993 941 2055 ρ
965 1971 1087 2045 δεώνες,

350 2056 474 2140 χείματι
494 2056 522 2117 τ’
544 2055 581 2117 ού
609 2055 710 2138 ριγούν
729 2055 882 2138 τηλεθάον
907 2055 1054 2139 λάχανον,

311 2139 440 2225 ἔγχελυς
463 2139 494 2201 ἐν
515 2144 684 2221 στεγανοῖσι
703 2140 931 2202 τιθασσεύουσα
951 2138 1128 2223 κολύμβοις,

352 2226 373 2309 ἥ
394 2224 424 2286 τ’
447 2223 545 2308 ὄρνεις
566 2225 659 2307 λευκὴ
683 2224 784 2308 τύρσις
805 2222 914 2308 ἔχουσ’
934 2222 1100 2308 ὁμόχρους,

310 2307 498 2394 Μαρκέλλης
524 2308 598 2394 δῶρ’
625 2308 697 2375 ἐστί.
729 2307 802 2393 μέθ’
827 2308 1004 2394 ἑβδομάδας
1026 2306 1221 2392 λυκαβάντων

351 2394 442 2457 πέντε
463 2416 516 2476 μοι
539 2393 700 2480 ἐρχομένῳ
725 2394 816 2478 μικρὰ
840 2393 911 2456 τάδ’
934 2395 1005 2456 οἰκί’
1031 2391 1104 2459 ἔδω.

312 2478 344 2542 εἴ
356 2502 408 2562 μοι
430 2477 594 2542 Ναυσικάα
615 2480 762 2563 πατρίους
786 2478 946 2564 ἐχαρίζετο
968 2480 1095 2562 κήπους,

352 2563 437 2625 εἷπον
458 2562 494 2626 ἂν
514 2563 677 2649 Ἀλκινόῳ,
696 2563 809 2626 τούσδε
831 2562 1049 2647 προαιρέομαι.

310 2735 398 2807 4,.14.
420 2728 553 2815 Βέσβιος
576 2732 653 2794 ἐστὶν
675 2731 726 2794 ὅδ’
742 2730 808 2815 ἄρτι
827 2733 989 2800 κατάσκιος
1010 2732 1223 2796 οίνοπέδοισιν.

355 2816 418 2878 ὧδε
440 2816 532 2898 τρύγη
554 2815 667 2898 ληνοὺς
687 2818 797 2878 κλύσεν
820 2817 1021 2902 ἐυστάφυλος.

310 2900 398 2964 ταῦτ’
422 2899 489 2983 δρε’
512 2902 533 2982 ἢ
556 2897 681 2962 Νύσσαν
701 2901 783 2962 πολὺ
808 2904 923 2982 μᾶλλον
954 2901 1064 2986 φιλατο
1087 2897 1223 2987 Βάκχος.

353 2984 384 3047 ἐν
407 2983 497 3068 λύφῳ
516 2984 553 3068 ἦν
573 2983 718 3066 Σατύρων
739 2986 820 3068 τῷδε
839 2987 1038 3070 χυροστασίη.

309 3067 466 3152 Κύπριδος
488 3067 524 3151 ἦν
547 3067 614 3130 τύδ’
629 3068 700 3135 ἕδος
722 3068 802 3131 πολδ
818 3071 992 3154 φίλτερονῆ
1008 3069 1222 3153 Λακεδαίμων,

353 3159 458 3240 χῶρος
483 3153 531 3216 ὅδ’
551 3150 743 3235 Ἡρακλέους
763 3153 891 3238 κληζετ’
915 3155 1086 3239 ἐπωνυμίη.
1150 3231 1156 3240 .
1216 3197 1221 3214 .

309 3241 408 3303 πάντα
432 3238 463 3301 δ’
487 3238 545 3301 ὑπὸ
568 3237 681 3321 σποδιῇ
703 3239 797 3323 φλογί
817 3240 846 3300 τ’
869 3239 998 3323 ἤμυσεν,
1021 3239 1041 3324 ἦ
1064 3240 1102 3324 ρὰ
1125 3237 1223 3302 ἔπεισι

351 3324 492 3387 τοιούτου
514 3322 631 3394 πάθεος
652 3323 703 3384 καὶ
726 3323 871 3405 μετάνοια
893 3324 988 3418 θεοῖς.

436 3515 461 3554 ε.
483 3488 694 3556 ΕΠΙΤΑΦΙΑ.
715 3488 787 3554 ΚΑΙ
810 3488 875 3556 ΕΙΣ
899 3489 1099 3558 ΝΕΚΡΟΥΣ.

311 3580 340 3650 7,
349 3571 400 3639 θύ.
423 3576 576 3659 άλγοσύνη
591 3574 718 3639 Βάσσου
730 3579 802 3644 παῖς
816 3574 862 3640 Ού
883 3579 967 3662 βικος
985 3578 1096 3640 ἐνθάδε
1110 3579 1223 3661 κεῖμαι,

351 3658 487 3742 τοῦνομα
509 3661 553 3746 τῷ
570 3658 679 3745 Ῥώμη
702 3661 809 3724 καὶτὸ
833 3599 979 3742 γένεθλον
1002 3659 1075 3724 ἔδω.

310 3744 343 3816 ἐξ
364 3749 423 3828 μού
445 3767 483 3828 τη
505 3748 613 3829 πρώτη
634 3746 797 3829 τριετηρίδι
819 3750 912 3828 μῆνες
936 3747 1070 3830 ἀπῆσαν,

66 4228 151 4500 ι
317 4072 578 4500 ί.
595 4159 764 4500 fl
