2884 4650
595 519 656 580 365

162 687 318 747 vitisator
338 688 466 759 hastam,
487 690 624 747 membra
643 690 747 747 vineto
767 688 940 765 implicans)

164 773 370 848 Tarchonque
390 779 454 829 tum
475 772 640 845 Turrenus‚
658 775 806 831 immanes
830 773 893 849 lupi

165 856 260 918 Sanci
279 858 413 915 ferentes
435 856 578 917 Herculis
601 858 773 933 primordia.

164 943 230 1003 Ubi
253 944 394 1001 refertam
417 941 575 1019 glisceram
597 962 734 1003 mensam
756 943 866 1020 dapum

165 1028 305 1086 Tandem
326 1040 461 1085 voratam
483 1028 676 1104 conspicatus
699 1028 839 1099 asseclis,

166 1113 367 1173 Oraculorum
388 1112 440 1170 fiet
457 1114 612 1188 antiquum
633 1132 759 1186 memor,

165 1198 338 1276 Pinguique
361 1198 416 1255 sub
439 1198 639 1275 Aboriginum
660 1199 728 1257 solo
752 1206 847 1256 struet

166 1284 256 1343 Ultra
278 1282 403 1341 Latinos
426 1290 514 1357 atque
538 1283 676 1341 Daunios
701 1284 776 1341 situs

167 1369 294 1439 Turres,
316 1367 445 1425 alumnis
467 1368 620 1429 fabricans
643 1387 768 1427 numero
790 1387 879 1443 pares

167 1453 295 1513 Scrofae
315 1452 457 1529 nigellae,
481 1472 568 1527 quam
588 1455 625 1511 ab
645 1453 746 1511 Idaeis
767 1453 845 1531 iugis

165 1540 207 1597 Et
230 1538 399 1595 Dardaneis
421 1536 547 1597 collibus
569 1538 686 1595 ductam
709 1539 828 1611 avebat,

167 1622 254 1696 Quae
274 1616 315 1679 'tot
338 1622 461 1679 nutrivit
484 1623 531 1681 his
553 1642 641 1697 pares
662 1642 799 1682 numero¹
809 1642 929 1683 sacres:

166 1709 204 1766 In
226 1708 300 1765 urbe
323 1708 407 1765 cuius
428 1716 520 1782 ponet
537 1727 599 1765 nna
618 1708 780 1785 imaginem

167 1792 279 1871 Sigillo
302 1792 412 1864 aheno,
436 1793 610 1867 delioosque
632 1794 808 1869 grundules.

166 1879 208 1937 Et
230 1878 305 1935 aede
328 1884 440 1936 suucta
463 1877 604 1953 Myndiae
630 1878 795 1949 Pallenidi‚

168 1961 305 2021 Delubra
326 1970 420 2037 ponet
442 1962 608 2037 patriorum
629 1963 819 2037 praestitum,

167 2047 254 2121 Quae
276 2048 353 2120 sola,
374 2054 476 2123 spreta
497 2063 603 2119 uxore,
623 2047 733 2121 spretis
753 2047 871 2118 liberis,

166 2133 307 2207 Aliisque
327 2151 435 2208 copam
456 2151 556 2189 rerum
578 2132 795 2207 opimitatibus,

168 2218 307 2276 Tandem
327 2217 417 2276 senili
433 2236 499 2275 cum
521 2225 646 2293 parente
667 2218 816 2293 praeferet

166 2304 283 2362 Velans
304 2303 426 2364 amictu.
448 2322 514 2364 cum
535 2321 626 2362 canes
646 2302 768 2361 duellici

167 2391 205 2448 In
229 2397 336 2446 cuncta
354 2389 450 2464 spolia
473 2390 632 2446 sortientes
656 2390 782 2465 patriae,

169 2473 237 2536 Soli
260 2474 329 2531 huic
353 2475 390 2531 ab
411 2474 488 2548 ipsis
510 2474 634 2532 aedibus
659 2475 798 2549 praedam
820 2471 949 2530 offerent

167 2561 208 2618 Et
232 2577 340 2616 munus
364 2567 523 2634 exportare
545 2559 626 2633 quod
646 2560 731 2617 cordi
747 2559 821 2616 fuat.

170 2644 223 2705 Sic
245 2645 328 2702 visus
351 2643 440 2700 etiam
460 2643 765 2719 perduellibuspins,

169 2729 298 2788 Multum
322 2728 470 2786 cluentem
489 2728 578 2786 laude
601 2729 674 2786 belli
695 2729 820 2804 patriam
887 2774 891 2784 .

167 2814 347 2873 Recidivam
371 2821 400 2871 et
420 2813 517 2889 ipsam
540 2814 660 2872 deseret
682 2814 843 2889 nepotibus

168 2901 295 2970 Urbem,
319 2917 457 2974 suprema
480 2899 563 2956 iuxta
586 2897 703 2956 Circaei
725 2899 806 2976 iuga,

167 2986 209 3043 Et
229 2993 298 3041 trux
316 2984 449 3042 Maricae
472 2983 567 3054 littus,
591 2994 681 3059 atque
702 2981 910 3061 Argustana,

168 3071 305 3128 Phorcae
326 3068 445 3144 paludis
465 3069 658 3128 Marsionidis
679 3070 777 3126 lacum

169 3155 387 3230 Titoniumque
411 3156 533 3225 flumen,
555 3155 671 3212 arcanis
694 3156 814 3213 humum

167 3240 298 3298 Rimana
322 3247 440 3314 opertas
460 3240 492 3297 in
513 3238 577 3297 vias
600 3239 767 3312 canalibus,

169 3324 323 3384 Cacumen
348 3332 377 3381 et
397 3324 579 3397 Zosterium‚
598 3343 657 3399 qua
678 3325 803 3402 virginis

167 3412 294 3470 Faunae
316 3407 451 3484 Sibyllae
473 3427 631 3485 scrupeum
649 3429 758 3486 specus
780 3415 879 3484 patet3

167 3495 326 3554 Pandente
347 3496 402 3553 tofi
421 3495 600 3554 fornicatum
623 3496 751 3570 pumice.

168 3581 228 3639 Tot
249 3579 420 3637 execranda
442 3587 524 3638 tanta
546 3581 699 3656 perferent
720 3577 810 3649 mala,

167 3667 258 3724 Meae
281 3666 431 3740 parabunt
449 3665 498 3738 qui
517 3665 621 3723 ruinas
643 3664 769 3740 patriae.

168 3749 249 3824 Quid
273 3750 353 3808 enim
375 3749 491 3825 parenti
513 3750 636 3806 maximi
655 3745 831 3806 Promethei
