<?xml version="1.0" encoding="UTF-8"?>
<!DOCTYPE html PUBLIC "-//W3C//DTD XHTML 1.0 Transitional//EN"
    "http://www.w3.org/TR/xhtml1/DTD/xhtml1-transitional.dtd">
<html xmlns="http://www.w3.org/1999/xhtml" xml:lang="en" lang="en">
 <head>
  <title>
</title>
<meta http-equiv="Content-Type" content="text/html;charset=utf-8" />
  <meta name='ocr-system' content='tesseract 3.04.00' />
  <meta name='ocr-capabilities' content='ocr_page ocr_carea ocr_par ocr_line ocrx_word'/>
</head>
<body>
  <div class='ocr_page' id='page_1' title='image "./poemataomnia00scalgoog_0154.png"; bbox 0 0 2884 4650; ppageno 0'>
   <div class='ocr_carea' id='block_1_1' title="bbox 1228 483 1344 543">
    <p class='ocr_par' dir='ltr' id='par_1_1' title="bbox 1228 483 1344 543">
     <span class='ocr_line' id='line_1_1' title="bbox 1228 483 1344 543; baseline -0.009 0"><span class='ocrx_word' id='word_1_1' title='bbox 1228 483 1344 543; x_wconf 76' lang='lat'>14⁷</span> 
     </span>
    </p>
   </div>
   <div class='ocr_carea' id='block_1_2' title="bbox 1138 568 1439 578">
    <p class='ocr_par' dir='ltr' id='par_1_2' title="bbox 1138 568 1439 578">
     <span class='ocr_line' id='line_1_2' title="bbox 1138 568 1439 578; baseline 0 4072"><span class='ocrx_word' id='word_1_2' title='bbox 1138 568 1439 578; x_wconf 95' lang='lat' dir='ltr'> </span> 
     </span>
    </p>
   </div>
   <div class='ocr_carea' id='block_1_3' title="bbox 367 643 2175 3845">
    <p class='ocr_par' dir='ltr' id='par_1_3' title="bbox 367 643 2175 3845">
     <span class='ocr_line' id='line_1_3' title="bbox 378 643 1853 734; baseline 0.001 -24"><span class='ocrx_word' id='word_1_3' title='bbox 378 643 581 710; x_wconf 83' lang='grc' dir='ltr'>Πόλλ’</span> <span class='ocrx_word' id='word_1_4' title='bbox 631 644 754 709; x_wconf 58' lang='grc' dir='ltr'>οἶδ)</span> <span class='ocrx_word' id='word_1_5' title='bbox 796 646 1075 730; x_wconf 76' lang='grc' dir='ltr'>ἀλώπηξ,</span> <span class='ocrx_word' id='word_1_6' title='bbox 1118 648 1253 713; x_wconf 87' lang='grc' dir='ltr'>ἀλλ’</span> <span class='ocrx_word' id='word_1_7' title='bbox 1312 649 1516 734; x_wconf 80' lang='grc' dir='ltr'>ἐχῖνος</span> <span class='ocrx_word' id='word_1_8' title='bbox 1560 648 1624 712; x_wconf 83' lang='grc' dir='ltr'>ἓν</span> <span class='ocrx_word' id='word_1_9' title='bbox 1678 648 1853 732; x_wconf 77' lang='grc' dir='ltr'>μέγα.</span> 
     </span>
     <span class='ocr_line' id='line_1_4' title="bbox 377 727 1782 818; baseline 0.001 -24"><span class='ocrx_word' id='word_1_10' title='bbox 377 727 689 794; x_wconf 89' lang='grc' dir='ltr'>Πολλαῖσι</span> <span class='ocrx_word' id='word_1_11' title='bbox 719 733 983 815; x_wconf 79' lang='grc' dir='ltr'>πληγαῖς</span> <span class='ocrx_word' id='word_1_12' title='bbox 1025 734 1168 818; x_wconf 80' lang='grc' dir='ltr'>δρῦς</span> <span class='ocrx_word' id='word_1_13' title='bbox 1202 733 1382 802; x_wconf 81' lang='grc' dir='ltr'>τέλος</span> <span class='ocrx_word' id='word_1_14' title='bbox 1418 733 1782 815; x_wconf 78' lang='grc' dir='ltr'><strong>δαμάζεται.</strong></span> 
     </span>
     <span class='ocr_line' id='line_1_5' title="bbox 376 811 1796 902; baseline 0.001 -25"><span class='ocrx_word' id='word_1_15' title='bbox 376 811 622 878; x_wconf 87' lang='grc' dir='ltr'>Πολλοί</span> <span class='ocrx_word' id='word_1_16' title='bbox 663 838 733 878; x_wconf 89' lang='grc' dir='ltr'>σε</span> <span class='ocrx_word' id='word_1_17' title='bbox 777 815 1157 899; x_wconf 82' lang='grc' dir='ltr'>μισήσουσιν,</span> <span class='ocrx_word' id='word_1_18' title='bbox 1202 819 1275 902; x_wconf 85' lang='grc' dir='ltr'>ἣν</span> <span class='ocrx_word' id='word_1_19' title='bbox 1324 819 1547 880; x_wconf 86' lang='grc' dir='ltr'>σαυτὸν</span> <span class='ocrx_word' id='word_1_20' title='bbox 1593 819 1796 901; x_wconf 77' lang='grc' dir='ltr'>φιλῇς.</span> 
     </span>
     <span class='ocr_line' id='line_1_6' title="bbox 377 899 1672 987; baseline 0 -23"><span class='ocrx_word' id='word_1_21' title='bbox 377 899 617 964; x_wconf 87' lang='grc' dir='ltr'>Πολλοὶ</span> <span class='ocrx_word' id='word_1_22' title='bbox 669 902 992 985; x_wconf 87' lang='grc' dir='ltr'>στρατηγοὶ</span> <span class='ocrx_word' id='word_1_23' title='bbox 1034 900 1271 987; x_wconf 84' lang='grc' dir='ltr'>Καρίαν</span> <span class='ocrx_word' id='word_1_24' title='bbox 1316 903 1672 966; x_wconf 79' lang='grc' dir='ltr'>ἀπώλεσαν.</span> 
     </span>
     <span class='ocr_line' id='line_1_7' title="bbox 376 982 1704 1070; baseline -0.001 -22"><span class='ocrx_word' id='word_1_25' title='bbox 376 982 642 1048; x_wconf 85' lang='grc' dir='ltr'>Πολλῶν</span> <span class='ocrx_word' id='word_1_26' title='bbox 695 985 916 1069; x_wconf 85' lang='grc' dir='ltr'>ἰατρῶν</span> <span class='ocrx_word' id='word_1_27' title='bbox 964 984 1207 1055; x_wconf 78' lang='grc' dir='ltr'>εἴσοδός</span> <span class='ocrx_word' id='word_1_28' title='bbox 1249 987 1309 1070; x_wconf 87' lang='grc' dir='ltr'>μ’</span> <span class='ocrx_word' id='word_1_29' title='bbox 1351 987 1704 1049; x_wconf 79' lang='grc' dir='ltr'>ἀπώλεσεν.</span> 
     </span>
     <span class='ocr_line' id='line_1_8' title="bbox 376 1066 1647 1152; baseline 0 -20"><span class='ocrx_word' id='word_1_30' title='bbox 376 1066 665 1132; x_wconf 85' lang='grc' dir='ltr'>Πολλῶν.</span> <span class='ocrx_word' id='word_1_31' title='bbox 692 1069 725 1131; x_wconf 85' lang='grc' dir='ltr'><strong>ὁ</strong></span> <span class='ocrx_word' id='word_1_32' title='bbox 772 1070 949 1152; x_wconf 88' lang='grc' dir='ltr'>λιμὸς</span> <span class='ocrx_word' id='word_1_33' title='bbox 990 1071 1217 1152; x_wconf 84' lang='grc' dir='ltr'>γίνεται</span> <span class='ocrx_word' id='word_1_34' title='bbox 1260 1072 1647 1138; x_wconf 86' lang='grc' dir='ltr'>διδάσκαλος.</span> 
     </span>
     <span class='ocr_line' id='line_1_9' title="bbox 377 1150 1884 1240; baseline 0.001 -25"><span class='ocrx_word' id='word_1_35' title='bbox 377 1150 549 1216; x_wconf 80' lang='grc' dir='ltr'>Πολὺ</span> <span class='ocrx_word' id='word_1_36' title='bbox 594 1152 804 1237; x_wconf 85' lang='grc' dir='ltr'>χεῖρόν</span> <span class='ocrx_word' id='word_1_37' title='bbox 853 1153 1009 1216; x_wconf 85' lang='grc' dir='ltr'>ἐστιν</span> <span class='ocrx_word' id='word_1_38' title='bbox 1056 1155 1332 1240; x_wconf 78' lang='grc' dir='ltr'>ἐρεθίσαι</span> <span class='ocrx_word' id='word_1_39' title='bbox 1370 1160 1586 1238; x_wconf 76' lang='grc' dir='ltr'>γραῦν,</span> <span class='ocrx_word' id='word_1_40' title='bbox 1627 1155 1666 1238; x_wconf 82' lang='grc' dir='ltr'><strong>ἣ</strong></span> <span class='ocrx_word' id='word_1_41' title='bbox 1712 1155 1884 1217; x_wconf 85' lang='grc' dir='ltr'>κύνα.</span> 
     </span>
     <span class='ocr_line' id='line_1_10' title="bbox 377 1234 2175 1323; baseline 0.002 -24"><span class='ocrx_word' id='word_1_42' title='bbox 377 1234 991 1322; x_wconf 84' lang='grc' dir='ltr'>Πολυπραγμοσύνης</span> <span class='ocrx_word' id='word_1_43' title='bbox 1037 1241 1196 1303; x_wconf 77' lang='grc' dir='ltr'>ἕνεκ’</span> <span class='ocrx_word' id='word_1_44' title='bbox 1246 1242 1333 1309; x_wconf 79' lang='grc' dir='ltr'>εἰς</span> <span class='ocrx_word' id='word_1_45' title='bbox 1369 1239 1648 1323; x_wconf 88' lang='grc' dir='ltr'>κεφαλὴν</span> <span class='ocrx_word' id='word_1_46' title='bbox 1691 1237 1962 1323; x_wconf 82' lang='grc' dir='ltr'>τρέποιτ’</span> <span class='ocrx_word' id='word_1_47' title='bbox 2013 1239 2175 1323; x_wconf 84' lang='grc' dir='ltr'>ἐμοί.</span> 
     </span>
     <span class='ocr_line' id='line_1_11' title="bbox 367 1320 1835 1408; baseline 0.005 -25"><span class='ocrx_word' id='word_1_48' title='bbox 367 1320 570 1406; x_wconf 76' lang='grc' dir='ltr'>-Πρινή</span> <span class='ocrx_word' id='word_1_49' title='bbox 623 1344 691 1383; x_wconf 90' lang='grc' dir='ltr'>σε</span> <span class='ocrx_word' id='word_1_50' title='bbox 738 1321 1101 1407; x_wconf 16' lang='grc' dir='ltr'>τοὺςιίχθός</span> <span class='ocrx_word' id='word_1_51' title='bbox 1144 1325 1327 1401; x_wconf 83' lang='grc' dir='ltr'>ἑλεῖν,</span> <span class='ocrx_word' id='word_1_52' title='bbox 1380 1324 1582 1407; x_wconf 82' lang='grc' dir='ltr'>ἅλμην</span> <span class='ocrx_word' id='word_1_53' title='bbox 1628 1325 1835 1408; x_wconf 75' lang='grc' dir='ltr'>κυκᾷς.</span> 
     </span>
     <span class='ocr_line' id='line_1_12' title="bbox 380 1404 1965 1492; baseline 0 -22"><span class='ocrx_word' id='word_1_54' title='bbox 380 1404 719 1490; x_wconf 87' lang='grc' dir='ltr'>Προβάτων</span> <span class='ocrx_word' id='word_1_55' title='bbox 762 1405 876 1490; x_wconf 83' lang='grc' dir='ltr'>γὰρ</span> <span class='ocrx_word' id='word_1_56' title='bbox 918 1407 1097 1470; x_wconf 84' lang='grc' dir='ltr'>οὐδὲν</span> <span class='ocrx_word' id='word_1_57' title='bbox 1136 1408 1173 1472; x_wconf 82' lang='grc' dir='ltr'>ὅ</span> <span class='ocrx_word' id='word_1_58' title='bbox 1225 1413 1387 1484; x_wconf 81' lang='grc' dir='ltr'>ελος,</span> <span class='ocrx_word' id='word_1_59' title='bbox 1420 1409 1495 1491; x_wconf 82' lang='grc' dir='ltr'>ἢν</span> <span class='ocrx_word' id='word_1_60' title='bbox 1538 1408 1764 1492; x_wconf 85' lang='grc' dir='ltr'>ποιμὴν</span> <span class='ocrx_word' id='word_1_61' title='bbox 1813 1409 1965 1491; x_wconf 75' lang='grc' dir='ltr'>ἀπῇ.</span> 
     </span>
     <span class='ocr_line' id='line_1_13' title="bbox 379 1433 1898 1578; baseline 0 -23"><span class='ocrx_word' id='word_1_62' title='bbox 379 1489 723 1575; x_wconf 88' lang='grc' dir='ltr'>Προέλοιμι</span> <span class='ocrx_word' id='word_1_63' title='bbox 768 1491 983 1554; x_wconf 76' lang='grc' dir='ltr'>δοῦναι</span> <span class='ocrx_word' id='word_1_64' title='bbox 1034 1499 1121 1578; x_wconf 75' lang='grc' dir='ltr'>τῷ</span> <span class='ocrx_word' id='word_1_65' title='bbox 1164 1433 1479 1577; x_wconf 52' lang='grc' dir='ltr'>’ῗελεγόρᾳ</span> <span class='ocrx_word' id='word_1_66' title='bbox 1524 1493 1757 1574; x_wconf 85' lang='grc' dir='ltr'>μᾶλλον</span> <span class='ocrx_word' id='word_1_67' title='bbox 1806 1491 1898 1574; x_wconf 78' lang='grc' dir='ltr'>ἄν.</span> 
     </span>
     <span class='ocr_line' id='line_1_14' title="bbox 379 1573 1926 1661; baseline 0.001 -22"><span class='ocrx_word' id='word_1_68' title='bbox 379 1573 546 1659; x_wconf 86' lang='grc' dir='ltr'>Πρὸς</span> <span class='ocrx_word' id='word_1_69' title='bbox 590 1577 899 1660; x_wconf 80' lang='grc' dir='ltr'>κάππαριν</span> <span class='ocrx_word' id='word_1_70' title='bbox 951 1580 1081 1660; x_wconf 77' lang='grc' dir='ltr'>ζῇς,</span> <span class='ocrx_word' id='word_1_71' title='bbox 1126 1579 1465 1661; x_wconf 87' lang='grc' dir='ltr'>δυνάμενος</span> <span class='ocrx_word' id='word_1_72' title='bbox 1506 1577 1660 1659; x_wconf 85' lang='grc' dir='ltr'>πρὸς</span> <span class='ocrx_word' id='word_1_73' title='bbox 1692 1576 1926 1640; x_wconf 89' lang='grc' dir='ltr'>ἀνθίαν.</span> 
     </span>
     <span class='ocr_line' id='line_1_15' title="bbox 380 1657 1756 1748; baseline -0.001 -25"><span class='ocrx_word' id='word_1_74' title='bbox 380 1657 545 1743; x_wconf 86' lang='grc' dir='ltr'>Πρὸς</span> <span class='ocrx_word' id='word_1_75' title='bbox 590 1660 795 1740; x_wconf 86' lang='grc' dir='ltr'>μάντιν</span> <span class='ocrx_word' id='word_1_76' title='bbox 841 1660 1043 1729; x_wconf 86' lang='grc' dir='ltr'>οὐδεὶς</span> <span class='ocrx_word' id='word_1_77' title='bbox 1094 1663 1356 1748; x_wconf 84' lang='grc' dir='ltr'>εὐτυχὴς</span> <span class='ocrx_word' id='word_1_78' title='bbox 1401 1661 1756 1745; x_wconf 81' lang='grc' dir='ltr'>ἀπέρχεται.</span> 
     </span>
     <span class='ocr_line' id='line_1_16' title="bbox 378 1742 1916 1831; baseline 0.001 -22"><span class='ocrx_word' id='word_1_79' title='bbox 378 1742 693 1827; x_wconf 79' lang='grc' dir='ltr'>Πρότερον</span> <span class='ocrx_word' id='word_1_80' title='bbox 740 1747 987 1828; x_wconf 87' lang='grc' dir='ltr'>χελώνη</span> <span class='ocrx_word' id='word_1_81' title='bbox 1032 1748 1526 1831; x_wconf 87' lang='grc' dir='ltr'>παραδραμεῖται</span> <span class='ocrx_word' id='word_1_82' title='bbox 1574 1745 1916 1811; x_wconf 79' lang='grc' dir='ltr'>δασύποδα.</span> 
     </span>
     <span class='ocr_line' id='line_1_17' title="bbox 378 1829 1856 1914; baseline -0.001 -24"><span class='ocrx_word' id='word_1_83' title='bbox 378 1829 635 1912; x_wconf 88' lang='grc' dir='ltr'>Πρῶτον</span> <span class='ocrx_word' id='word_1_84' title='bbox 679 1831 1014 1914; x_wconf 79' lang='grc' dir='ltr'>κολυμβᾷν,</span> <span class='ocrx_word' id='word_1_85' title='bbox 1058 1831 1344 1914; x_wconf 88' lang='grc' dir='ltr'>δεύτερον</span> <span class='ocrx_word' id='word_1_86' title='bbox 1392 1831 1462 1893; x_wconf 85' lang='grc' dir='ltr'>δὲ</span> <span class='ocrx_word' id='word_1_87' title='bbox 1508 1829 1856 1912; x_wconf 77' lang='grc' dir='ltr'>γράμματα.</span> 
     </span>
     <span class='ocr_line' id='line_1_18' title="bbox 377 1911 1795 1998; baseline -0.001 -22"><span class='ocrx_word' id='word_1_88' title='bbox 377 1915 535 1996; x_wconf 79' lang='grc' dir='ltr'>Πῦρ,</span> <span class='ocrx_word' id='word_1_89' title='bbox 582 1912 685 1974; x_wconf 85' lang='grc' dir='ltr'>καὶ</span> <span class='ocrx_word' id='word_1_90' title='bbox 728 1913 1037 1992; x_wconf 86' lang='grc' dir='ltr'>θάλασσα,</span> <span class='ocrx_word' id='word_1_91' title='bbox 1079 1916 1181 1978; x_wconf 88' lang='grc' dir='ltr'>καὶ</span> <span class='ocrx_word' id='word_1_92' title='bbox 1217 1915 1390 1998; x_wconf 83' lang='grc' dir='ltr'>γυνὴ,</span> <span class='ocrx_word' id='word_1_93' title='bbox 1435 1911 1598 1976; x_wconf 85' lang='grc' dir='ltr'>κακὰ</span> <span class='ocrx_word' id='word_1_94' title='bbox 1640 1912 1795 1995; x_wconf 90' lang='grc' dir='ltr'>τρία.</span> 
     </span>
     <span class='ocr_line' id='line_1_19' title="bbox 373 1994 1875 2084; baseline -0.004 -22"><span class='ocrx_word' id='word_1_95' title='bbox 373 1995 589 2079; x_wconf 50' lang='grc' dir='ltr'>Ῥᾷσθ</span> <span class='ocrx_word' id='word_1_96' title='bbox 634 1994 768 2059; x_wconf 80' lang='grc' dir='ltr'>ἔστ’</span> <span class='ocrx_word' id='word_1_97' title='bbox 814 1997 1101 2080; x_wconf 81' lang='grc' dir='ltr'>ἀγροίκου</span> <span class='ocrx_word' id='word_1_98' title='bbox 1154 1999 1406 2084; x_wconf 71' lang='grc' dir='ltr'>ἠ’τορος</span> <span class='ocrx_word' id='word_1_99' title='bbox 1449 1998 1875 2081; x_wconf 80' lang='grc' dir='ltr'>καταφρονεῖν.</span> 
     </span>
     <span class='ocr_line' id='line_1_20' title="bbox 374 2080 1669 2168; baseline -0.003 -22"><span class='ocrx_word' id='word_1_100' title='bbox 374 2080 601 2147; x_wconf 85' lang='grc' dir='ltr'>Ῥόδον</span> <span class='ocrx_word' id='word_1_101' title='bbox 644 2082 956 2165; x_wconf 88' lang='grc' dir='ltr'>παρελθὸν</span> <span class='ocrx_word' id='word_1_102' title='bbox 1001 2107 1125 2166; x_wconf 88' lang='grc' dir='ltr'>μηκ</span> <span class='ocrx_word' id='word_1_103' title='bbox 1161 2107 1215 2146; x_wconf 91' lang='grc' dir='ltr'>τι</span> <span class='ocrx_word' id='word_1_104' title='bbox 1260 2085 1425 2168; x_wconf 78' lang='grc' dir='ltr'>ζήτει</span> <span class='ocrx_word' id='word_1_105' title='bbox 1468 2082 1669 2145; x_wconf 89' lang='grc' dir='ltr'>πάλιν.</span> 
     </span>
     <span class='ocr_line' id='line_1_21' title="bbox 378 2164 1822 2252; baseline -0.003 -20"><span class='ocrx_word' id='word_1_106' title='bbox 378 2167 618 2234; x_wconf 84' lang='grc' dir='ltr'>Σαίνεις</span> <span class='ocrx_word' id='word_1_107' title='bbox 662 2167 994 2243; x_wconf 83' lang='grc' dir='ltr'>δάκνουσα,</span> <span class='ocrx_word' id='word_1_108' title='bbox 1030 2169 1133 2231; x_wconf 87' lang='grc' dir='ltr'>καὶ</span> <span class='ocrx_word' id='word_1_109' title='bbox 1174 2167 1338 2231; x_wconf 89' lang='grc' dir='ltr'>κύων</span> <span class='ocrx_word' id='word_1_110' title='bbox 1386 2168 1701 2252; x_wconf 87' lang='grc' dir='ltr'>λήθαργος</span> <span class='ocrx_word' id='word_1_111' title='bbox 1747 2164 1822 2228; x_wconf 84' lang='grc' dir='ltr'>εἶ.</span> 
     </span>
     <span class='ocr_line' id='line_1_22' title="bbox 379 2249 1870 2336; baseline -0.003 -20"><span class='ocrx_word' id='word_1_112' title='bbox 379 2251 631 2335; x_wconf 87' lang='grc' dir='ltr'>Σαμίων</span> <span class='ocrx_word' id='word_1_113' title='bbox 682 2251 713 2315; x_wconf 85' lang='grc' dir='ltr'>ὁ</span> <span class='ocrx_word' id='word_1_114' title='bbox 753 2249 959 2335; x_wconf 56' lang='grc' dir='ltr'>«δῆμός</span> <span class='ocrx_word' id='word_1_115' title='bbox 1000 2252 1156 2315; x_wconf 84' lang='grc' dir='ltr'>ἐστιν</span> <span class='ocrx_word' id='word_1_116' title='bbox 1204 2256 1289 2320; x_wconf 80' lang='grc' dir='ltr'>ὥς</span> <span class='ocrx_word' id='word_1_117' title='bbox 1332 2252 1870 2336; x_wconf 75' lang='grc' dir='ltr'>πολυγράμματος.</span> 
     </span>
     <span class='ocr_line' id='line_1_23' title="bbox 378 2336 1626 2423; baseline -0.003 -22"><span class='ocrx_word' id='word_1_118' title='bbox 378 2338 627 2420; x_wconf 86' lang='grc' dir='ltr'>Σαπρὸς</span> <span class='ocrx_word' id='word_1_119' title='bbox 669 2336 918 2421; x_wconf 86' lang='grc' dir='ltr'>τάριχος</span> <span class='ocrx_word' id='word_1_120' title='bbox 958 2336 1063 2419; x_wconf 87' lang='grc' dir='ltr'>τὴν</span> <span class='ocrx_word' id='word_1_121' title='bbox 1111 2338 1389 2423; x_wconf 79' lang='grc' dir='ltr'>ὀρίγανον</span> <span class='ocrx_word' id='word_1_122' title='bbox 1440 2340 1626 2421; x_wconf 86' lang='grc' dir='ltr'>φιλεῖ.</span> 
     </span>
     <span class='ocr_line' id='line_1_24' title="bbox 376 2418 1902 2506; baseline -0.003 -21"><span class='ocrx_word' id='word_1_123' title='bbox 376 2422 620 2503; x_wconf 85' lang='grc' dir='ltr'>Σαυτὴν</span> <span class='ocrx_word' id='word_1_124' title='bbox 668 2420 955 2499; x_wconf 85' lang='grc' dir='ltr'>ἐπαινεῖς,</span> <span class='ocrx_word' id='word_1_125' title='bbox 997 2423 1205 2506; x_wconf 83' lang='grc' dir='ltr'>ὥσπερ</span> <span class='ocrx_word' id='word_1_126' title='bbox 1244 2422 1658 2505; x_wconf 85' lang='grc' dir='ltr'>Ἀστυδάμας,</span> <span class='ocrx_word' id='word_1_127' title='bbox 1707 2418 1902 2501; x_wconf 89' lang='grc' dir='ltr'>γύναι.</span> 
     </span>
     <span class='ocr_line' id='line_1_25' title="bbox 378 2503 1774 2591; baseline -0.003 -22"><span class='ocrx_word' id='word_1_128' title='bbox 378 2503 769 2591; x_wconf 82' lang='grc' dir='ltr'>Σαφέστερόν</span> <span class='ocrx_word' id='word_1_129' title='bbox 814 2528 966 2582; x_wconf 86' lang='grc' dir='ltr'>πως,</span> <span class='ocrx_word' id='word_1_130' title='bbox 1011 2506 1474 2591; x_wconf 71' lang='grc' dir='ltr'>κᾴμαθέστερον</span> <span class='ocrx_word' id='word_1_131' title='bbox 1519 2506 1774 2591; x_wconf 84' lang='grc' dir='ltr'>φράσον.</span> 
     </span>
     <span class='ocr_line' id='line_1_26' title="bbox 377 2588 1879 2677; baseline -0.003 -23"><span class='ocrx_word' id='word_1_132' title='bbox 377 2590 625 2672; x_wconf 80' lang='grc' dir='ltr'>Σκύλλῃ</span> <span class='ocrx_word' id='word_1_133' title='bbox 666 2588 1029 2674; x_wconf 81' lang='grc' dir='ltr'>περιέπεσον</span> <span class='ocrx_word' id='word_1_134' title='bbox 1070 2592 1178 2674; x_wconf 88' lang='grc' dir='ltr'>τὴν</span> <span class='ocrx_word' id='word_1_135' title='bbox 1217 2590 1322 2655; x_wconf 90' lang='grc' dir='ltr'>Χά</span> <span class='ocrx_word' id='word_1_136' title='bbox 1363 2593 1532 2677; x_wconf 90' lang='grc' dir='ltr'>υβδιν</span> <span class='ocrx_word' id='word_1_137' title='bbox 1579 2590 1647 2653; x_wconf 85' lang='grc' dir='ltr'>ἐκ</span> <span class='ocrx_word' id='word_1_138' title='bbox 1700 2590 1879 2670; x_wconf 85' lang='grc' dir='ltr'>υγών.</span> 
     </span>
     <span class='ocr_line' id='line_1_27' title="bbox 380 2611 1771 2762; baseline -0.005 -22"><span class='ocrx_word' id='word_1_139' title='bbox 380 2674 637 2758; x_wconf 72' lang='grc' dir='ltr'>Σκώληὲ</span> <span class='ocrx_word' id='word_1_140' title='bbox 679 2675 1015 2757; x_wconf 90' lang='grc' dir='ltr'>παράσιτος</span> <span class='ocrx_word' id='word_1_141' title='bbox 1056 2678 1176 2738; x_wconf 85' lang='grc' dir='ltr'>τῶν</span> <span class='ocrx_word' id='word_1_142' title='bbox 1223 2615 1493 2762; x_wconf 57' lang='grc' dir='ltr'>ἐχιξντων</span> <span class='ocrx_word' id='word_1_143' title='bbox 1539 2611 1771 2738; x_wconf 51' lang='grc' dir='ltr'>οὐσῗαν.</span> 
     </span>
     <span class='ocr_line' id='line_1_28' title="bbox 379 2758 1684 2845; baseline -0.005 -20"><span class='ocrx_word' id='word_1_144' title='bbox 379 2759 581 2844; x_wconf 86' lang='grc' dir='ltr'>Σοφοὶ</span> <span class='ocrx_word' id='word_1_145' title='bbox 624 2758 909 2843; x_wconf 87' lang='grc' dir='ltr'>τύραννοι</span> <span class='ocrx_word' id='word_1_146' title='bbox 945 2764 1063 2823; x_wconf 88' lang='grc' dir='ltr'>τῶν</span> <span class='ocrx_word' id='word_1_147' title='bbox 1113 2766 1325 2845; x_wconf 87' lang='grc' dir='ltr'>σοφῶν</span> <span class='ocrx_word' id='word_1_148' title='bbox 1361 2759 1684 2842; x_wconf 81' lang='grc' dir='ltr'>συνουσίᾳ.</span> 
     </span>
     <span class='ocr_line' id='line_1_29' title="bbox 379 2843 1875 2931; baseline -0.003 -22"><span class='ocrx_word' id='word_1_149' title='bbox 379 2844 661 2925; x_wconf 89' lang='grc' dir='ltr'>Σπείρειν</span> <span class='ocrx_word' id='word_1_150' title='bbox 705 2843 775 2905; x_wconf 87' lang='grc' dir='ltr'>δὲ</span> <span class='ocrx_word' id='word_1_151' title='bbox 822 2845 1003 2929; x_wconf 88' lang='grc' dir='ltr'>χειρὶ,</span> <span class='ocrx_word' id='word_1_152' title='bbox 1044 2845 1126 2929; x_wconf 88' lang='grc' dir='ltr'>μὴ</span> <span class='ocrx_word' id='word_1_153' title='bbox 1171 2844 1238 2908; x_wconf 79' lang='grc' dir='ltr'>δ’</span> <span class='ocrx_word' id='word_1_154' title='bbox 1295 2845 1423 2931; x_wconf 83' lang='grc' dir='ltr'>ὅλῳ</span> <span class='ocrx_word' id='word_1_155' title='bbox 1467 2850 1557 2930; x_wconf 74' lang='grc' dir='ltr'>τῷ</span> <span class='ocrx_word' id='word_1_156' title='bbox 1601 2843 1875 2926; x_wconf 83' lang='grc' dir='ltr'>θυλάκῳ.</span> 
     </span>
     <span class='ocr_line' id='line_1_30' title="bbox 378 2927 1858 3015; baseline -0.003 -22"><span class='ocrx_word' id='word_1_157' title='bbox 378 2928 463 2993; x_wconf 78' lang='grc' dir='ltr'>Σὺ</span> <span class='ocrx_word' id='word_1_158' title='bbox 513 2930 586 2991; x_wconf 79' lang='grc' dir='ltr'>δὲ</span> <span class='ocrx_word' id='word_1_159' title='bbox 623 2931 1022 3012; x_wconf 83' lang='grc' dir='ltr'>τιμιοπώλης,</span> <span class='ocrx_word' id='word_1_160' title='bbox 1069 2934 1154 2997; x_wconf 81' lang='grc' dir='ltr'>ὡς</span> <span class='ocrx_word' id='word_1_161' title='bbox 1191 2930 1519 3015; x_wconf 77' lang='grc' dir='ltr'>Ἀχιλλεὺς</span> <span class='ocrx_word' id='word_1_162' title='bbox 1565 2927 1714 2991; x_wconf 84' lang='grc' dir='ltr'>οὐδὲ</span> <span class='ocrx_word' id='word_1_163' title='bbox 1753 2928 1858 2994; x_wconf 80' lang='grc' dir='ltr'>εἷς.</span> 
     </span>
     <span class='ocr_line' id='line_1_31' title="bbox 379 3010 1815 3097; baseline -0.001 -21"><span class='ocrx_word' id='word_1_164' title='bbox 379 3013 464 3076; x_wconf 83' lang='grc' dir='ltr'>Σύ</span> <span class='ocrx_word' id='word_1_165' title='bbox 517 3010 594 3097; x_wconf 79' lang='grc' dir='ltr'>μ’</span> <span class='ocrx_word' id='word_1_166' title='bbox 634 3011 700 3074; x_wconf 81' lang='grc' dir='ltr'>ὗν</span> <span class='ocrx_word' id='word_1_167' title='bbox 746 3013 1021 3081; x_wconf 86' lang='grc' dir='ltr'>ἀπαιτεῖς</span> <span class='ocrx_word' id='word_1_168' title='bbox 1064 3015 1192 3078; x_wconf 85' lang='grc' dir='ltr'>ἀντὶ</span> <span class='ocrx_word' id='word_1_169' title='bbox 1231 3019 1338 3095; x_wconf 81' lang='grc' dir='ltr'>τῆς</span> <span class='ocrx_word' id='word_1_170' title='bbox 1386 3018 1577 3097; x_wconf 84' lang='grc' dir='ltr'>κακῆς</span> <span class='ocrx_word' id='word_1_171' title='bbox 1618 3011 1815 3081; x_wconf 86' lang='grc' dir='ltr'>κυνός.</span> 
     </span>
     <span class='ocr_line' id='line_1_32' title="bbox 379 3094 1726 3183; baseline -0.004 -20"><span class='ocrx_word' id='word_1_172' title='bbox 379 3099 576 3163; x_wconf 79' lang='grc' dir='ltr'>Σῦκον</span> <span class='ocrx_word' id='word_1_173' title='bbox 627 3094 768 3180; x_wconf 80' lang='grc' dir='ltr'>μέτ’</span> <span class='ocrx_word' id='word_1_174' title='bbox 816 3097 1015 3182; x_wconf 79' lang='grc' dir='ltr'>ἰχθὺν,</span> <span class='ocrx_word' id='word_1_175' title='bbox 1065 3098 1314 3182; x_wconf 78' lang='grc' dir='ltr'>ὄσπριον</span> <span class='ocrx_word' id='word_1_176' title='bbox 1360 3098 1512 3179; x_wconf 84' lang='grc' dir='ltr'>μετὰ</span> <span class='ocrx_word' id='word_1_177' title='bbox 1557 3097 1726 3183; x_wconf 86' lang='grc' dir='ltr'>κρέα.</span> 
     </span>
     <span class='ocr_line' id='line_1_33' title="bbox 380 3180 1710 3270; baseline -0.002 -24"><span class='ocrx_word' id='word_1_178' title='bbox 380 3182 499 3246; x_wconf 80' lang='grc' dir='ltr'>Σὺν</span> <span class='ocrx_word' id='word_1_179' title='bbox 547 3206 580 3245; x_wconf 89' lang='grc' dir='ltr'>τ</span> <span class='ocrx_word' id='word_1_180' title='bbox 604 3187 635 3200; x_wconf 72' lang='grc'>““</span> <span class='ocrx_word' id='word_1_181' title='bbox 674 3180 749 3243; x_wconf 87' lang='grc' dir='ltr'>θε</span> <span class='ocrx_word' id='word_1_182' title='bbox 775 3185 807 3199; x_wconf 75' lang='grc'><strong>”</strong></span> <span class='ocrx_word' id='word_1_183' title='bbox 852 3186 970 3250; x_wconf 86' lang='grc' dir='ltr'>πᾶς</span> <span class='ocrx_word' id='word_1_184' title='bbox 1010 3184 1112 3246; x_wconf 88' lang='grc' dir='ltr'>καὶ</span> <span class='ocrx_word' id='word_1_185' title='bbox 1163 3187 1316 3268; x_wconf 81' lang='grc' dir='ltr'>γελᾷ</span> <span class='ocrx_word' id='word_1_186' title='bbox 1352 3182 1710 3270; x_wconf 75' lang='grc' dir='ltr'>κῴδύρεται.</span> 
     </span>
     <span class='ocr_line' id='line_1_34' title="bbox 380 3206 1690 3352; baseline -0.002 -22"><span class='ocrx_word' id='word_1_187' title='bbox 380 3266 583 3349; x_wconf 79' lang='grc' dir='ltr'>Συνῆλ</span> <span class='ocrx_word' id='word_1_188' title='bbox 631 3287 696 3327; x_wconf 90' lang='grc' dir='ltr'>ον</span> <span class='ocrx_word' id='word_1_189' title='bbox 736 3206 1032 3350; x_wconf 49' lang='grc' dir='ltr'>ῗιΧττ-αγᾶς</span> <span class='ocrx_word' id='word_1_190' title='bbox 1071 3290 1137 3330; x_wconf 89' lang='grc' dir='ltr'>τε</span> <span class='ocrx_word' id='word_1_191' title='bbox 1180 3268 1280 3331; x_wconf 90' lang='grc' dir='ltr'>καὶ</span> <span class='ocrx_word' id='word_1_192' title='bbox 1320 3266 1690 3352; x_wconf 82' lang='grc' dir='ltr'>Νουμηνίας.</span> 
     </span>
     <span class='ocr_line' id='line_1_35' title="bbox 379 3350 1707 3435; baseline -0.002 -21"><span class='ocrx_word' id='word_1_193' title='bbox 379 3350 617 3435; x_wconf 87' lang='grc' dir='ltr'>Σχεδὸν</span> <span class='ocrx_word' id='word_1_194' title='bbox 664 3354 963 3429; x_wconf 81' lang='grc' dir='ltr'>τοιοῦτον,</span> <span class='ocrx_word' id='word_1_195' title='bbox 1012 3352 1195 3415; x_wconf 79' lang='grc' dir='ltr'>ὅσσον</span> <span class='ocrx_word' id='word_1_196' title='bbox 1239 3353 1309 3415; x_wconf 90' lang='grc' dir='ltr'>ἐκ</span> <span class='ocrx_word' id='word_1_197' title='bbox 1351 3353 1707 3416; x_wconf 87' lang='grc' dir='ltr'>Διονυσίων.</span> 
     </span>
     <span class='ocr_line' id='line_1_36' title="bbox 382 3432 2112 3540; baseline 0.001 -42"><span class='ocrx_word' id='word_1_198' title='bbox 382 3432 479 3498; x_wconf 87' lang='grc' dir='ltr'>Τὰ</span> <span class='ocrx_word' id='word_1_199' title='bbox 525 3434 577 3496; x_wconf 88' lang='grc' dir='ltr'>δ’</span> <span class='ocrx_word' id='word_1_200' title='bbox 627 3434 755 3540; x_wconf 62' lang='grc' dir='ltr'>οὐχ</span> <span class='ocrx_word' id='word_1_201' title='bbox 793 3435 902 3497; x_wconf 77' lang='grc' dir='ltr'>ὑπ’</span> <span class='ocrx_word' id='word_1_202' title='bbox 947 3436 1174 3513; x_wconf 81' lang='grc' dir='ltr'>ἄλλων,</span> <span class='ocrx_word' id='word_1_203' title='bbox 1235 3438 1397 3501; x_wconf 84' lang='grc' dir='ltr'>ἀλλὰ</span> <span class='ocrx_word' id='word_1_204' title='bbox 1435 3440 1561 3503; x_wconf 82' lang='grc' dir='ltr'>τοῖς</span> <span class='ocrx_word' id='word_1_205' title='bbox 1602 3434 1800 3501; x_wconf 74' lang='grc' dir='ltr'>αὑτῶν</span> <span class='ocrx_word' id='word_1_206' title='bbox 1847 3434 2112 3515; x_wconf 71' lang='grc' dir='ltr'>πτεροῖς·</span> 
     </span>
     <span class='ocr_line' id='line_1_37' title="bbox 380 3514 1846 3606; baseline -0.003 -25"><span class='ocrx_word' id='word_1_207' title='bbox 380 3516 476 3582; x_wconf 80' lang='grc' dir='ltr'>Τὰ</span> <span class='ocrx_word' id='word_1_208' title='bbox 518 3517 728 3602; x_wconf 80' lang='grc' dir='ltr'>θύματ</span> <span class='ocrx_word' id='word_1_209' title='bbox 806 3520 1009 3598; x_wconf 81' lang='grc' dir='ltr'>οὐδὲν,</span> <span class='ocrx_word' id='word_1_210' title='bbox 1052 3523 1209 3605; x_wconf 88' lang='grc' dir='ltr'>πλὴν</span> <span class='ocrx_word' id='word_1_211' title='bbox 1255 3521 1463 3606; x_wconf 76' lang='grc' dir='ltr'>γένεια</span> <span class='ocrx_word' id='word_1_212' title='bbox 1503 3518 1604 3581; x_wconf 89' lang='grc' dir='ltr'>καὶ</span> <span class='ocrx_word' id='word_1_213' title='bbox 1645 3514 1846 3599; x_wconf 83' lang='grc' dir='ltr'>κέρας.</span> 
     </span>
     <span class='ocr_line' id='line_1_38' title="bbox 383 3599 1792 3691; baseline -0.004 -26"><span class='ocrx_word' id='word_1_214' title='bbox 383 3599 477 3665; x_wconf 85' lang='grc' dir='ltr'>Τὰ</span> <span class='ocrx_word' id='word_1_215' title='bbox 516 3604 835 3687; x_wconf 88' lang='grc' dir='ltr'>πράγμαθ’</span> <span class='ocrx_word' id='word_1_216' title='bbox 880 3607 1085 3691; x_wconf 83' lang='grc' dir='ltr'>ὥσπερ</span> <span class='ocrx_word' id='word_1_217' title='bbox 1131 3606 1389 3690; x_wconf 80' lang='grc' dir='ltr'>Αἴσιμος</span> <span class='ocrx_word' id='word_1_218' title='bbox 1431 3601 1792 3667; x_wconf 83' lang='grc' dir='ltr'>κυλίνδεται.</span> 
     </span>
     <span class='ocr_line' id='line_1_39' title="bbox 384 3682 1835 3773; baseline -0.001 -24"><span class='ocrx_word' id='word_1_219' title='bbox 384 3683 478 3750; x_wconf 83' lang='grc' dir='ltr'>Τὰ</span> <span class='ocrx_word' id='word_1_220' title='bbox 520 3687 708 3772; x_wconf 83' lang='grc' dir='ltr'>πρῶτ’</span> <span class='ocrx_word' id='word_1_221' title='bbox 759 3688 1040 3773; x_wconf 87' lang='grc' dir='ltr'>ἀρίστους</span> <span class='ocrx_word' id='word_1_222' title='bbox 1082 3693 1310 3759; x_wconf 88' lang='grc' dir='ltr'>παῖδας</span> <span class='ocrx_word' id='word_1_223' title='bbox 1347 3685 1547 3770; x_wconf 74' lang='grc' dir='ltr'>Αἴγιν’</span> <span class='ocrx_word' id='word_1_224' title='bbox 1596 3682 1835 3770; x_wconf 80' lang='grc' dir='ltr'>ἔτρεφε.</span> 
     </span>
     <span class='ocr_line' id='line_1_40' title="bbox 1680 3786 1807 3845; baseline 0 0"><span class='ocrx_word' id='word_1_225' title='bbox 1680 3786 1807 3845; x_wconf 72' lang='lat'>10*</span> 
     </span>
    </p>
   </div>
   <div class='ocr_carea' id='block_1_4' title="bbox 2375 3268 2735 4500">
    <p class='ocr_par' dir='ltr' id='par_1_4' title="bbox 2375 3268 2735 4500">
     <span class='ocr_line' id='line_1_41' title="bbox 2375 3268 2735 4500; baseline 0 0"><span class='ocrx_word' id='word_1_226' title='bbox 2375 3268 2735 4500; x_wconf 95' lang='lat' dir='ltr'> </span> 
     </span>
    </p>
   </div>
   <div class='ocr_carea' id='block_1_5' title="bbox 2735 384 2738 1765">
    <p class='ocr_par' dir='ltr' id='par_1_5' title="bbox 2735 384 2738 1765">
     <span class='ocr_line' id='line_1_42' title="bbox 2735 384 2738 1765; baseline 0 0"><span class='ocrx_word' id='word_1_227' title='bbox 2735 384 2738 1765; x_wconf 95' lang='lat' dir='ltr'> </span> 
     </span>
    </p>
   </div>
  </div>
 </body>
</html>
