2884 4650
710 543 861 636 Q

330 708 400 778 Τὼς
421 709 513 776 κύνας
533 707 661 790 ὥλαφος
682 705 775 770 ἕλκει.
790 705 885 791 Ὑπὲρ
900 705 1020 792 βαθμὸν
1032 707 1116 774 πόδα
1124 710 1245 774 τείνειν.
1361 781 1362 784 ¹

229 833 233 838 ·
321 790 362 856 Ὗ
384 816 428 878 ρις
449 791 566 876 ἔρωτας
589 791 691 853 ἔλυσε.
713 792 786 860 Διὸς
805 792 895 873 γάλα.
920 791 992 873 Θρὶὶ
1017 792 1075 856 άνοὶ
1095 793 1221 876 μέσσον.

322 874 364 940 Ὗ
385 901 429 961 ωρ
452 878 482 940 ἐν
503 874 648 982 Κυνάγρρ
666 875 724 959 γοὶρ
749 875 923 960 ἐλεύθερον.
944 873 996 938 Ἐν
1020 879 1114 961 καρδς
1136 877 1222 962 α’ίση.

320 960 378 1024 Ὗν
400 961 571 1046 Ἀφροδίτῃ
596 960 718 1028 εθυσας.
733 955 823 1044 Ἅμα
845 959 972 1044 πρόσσω
994 961 1046 1024 καὶ
1070 963 1201 1026 ὀπίσσω.

331 1047 456 1110 Φελλοῦ
475 1043 673 1128 κουφότερος.
703 1041 749 1107 Τὰ
770 1045 936 1129 γράμματα
955 1043 1224 1134 Βελλεροφόντης.

275 1186 278 1195 .
331 1131 475 1199 Φοίνικος
496 1130 720 1213 σποινιιύτερος.Ι
735 1130 823 1212 Αύτη
844 1135 896 1193 νῦν
920 1131 1017 1215 σοφία
1039 1134 1088 1214 ζῇ.

330 1213 534 1300 Φρουρεῖν,ἣ
559 1215 711 1278 πλουτεῖν.
733 1213 793 1277 Σὺν
819 1219 863 1298 τῷ
888 1216 955 1278 κυνὶ
975 1217 1026 1278 καὶ
1046 1217 1096 1278 τὸν
1121 1217 1245 1298 ἱμάντα.

329 1296 521 1383 Χειροδίκαι.
536 1293 696 1362 Ῥοπάλου
720 1303 831 1360 πεινῶν
855 1297 925 1374 ὅρος
951 1299 1007 1362 οὐκ
1034 1300 1179 1383 ἀλεγίζει.

330 1380 408 1451 Χῖος
429 1385 505 1467 πρδς
526 1379 629 1446 Κῶον.
654 1381 774 1445 Πολλαὶ
796 1384 886 1451 κυνδς
910 1382 1038 1468 ἄρσενος
1058 1384 1154 1448 εὐναί.

329 1464 443 1551 Χοῖροι
465 1467 553 1550 μητρὶ
576 1466 699 1528 ἕπεσθε.
721 1465 839 1552 Μέχρις
863 1464 972 1552 βωμού
997 1469 1086 1553 φιλος
1109 1470 1182 1554 εἰμὶ

329 1547 570 1637 Χρηστολογεῖν.
591 1548 757 1634 Ὑπόδημα
772 1553 868 1620 ποδδς
883 1551 962 1615 κατοὶ
974 1556 1025 1616 τδν
1043 1552 1134 1636 λόγον
1151 1553 1245 1618 ἔστω.

329 1633 453 1719 Χύτραν
473 1635 648 1702 ποικίλλεις·
672 1632 711 1699 tO
733 1638 837 1720 φυγὼν
865 1636 960 1718 μόλον
988 1636 1101 1722 ἄλφιτα
1124 1639 1246 1723 φεύγει.

195 1757 202 1770 x
330 1718 476 1803 Ψόραθεν
498 1719 656 1782 Διόνυσον.
671 1720 790 1784 Ἄκουε
806 1726 860 1784 τοῦ
875 1722 952 1784 ὠτία
963 1721 1074 1805 τέσσαρ
1105 1721 1244 1807 ἔχοντος.

325 1801 382 1872 Ὡς
404 1805 497 1888 λευκὴ
521 1804 639 1888 στάθμη
665 1808 768 1890 λευκῷ
790 1805 877 1889 λίθῳ.
897 1805 988 1870 Αὐτοὶ
1009 1805 1053 1868 δι’
1077 1806 1190 1871 αὐτῶν.

325 1886 382 1958 Ὣς
403 1889 496 1958 τέττιξ
519 1894 645 1972 πρῶκας
664 1889 851 1973 σιτούμενος.
874 1889 1100 1976 Ἀλφεσίβοιαι.

321 1969 441 2058 Ὥσπερ
464 1974 617 2059 κογχύλην
639 1976 760 2037 διελών.
789 1973 1000 2057 Ἀπόγλουτος
1021 1976 1178 2062 ὑπάρχεις.

338 2103 343 2110 -
666 2060 726 2122 ἀπὸ
752 2060 909 2144 ἰαμβείων.

319 2141 366 2207 Ἃ
386 2145 437 2206 δεῖ
457 2142 611 2226 γενέσθαι,
633 2149 729 2206 ταῦτα
749 2145 800 2206 καὶ
820 2145 989 2227 γενήσεται.

319 2226 370 2291 ⁰A.
388 2227 460 2309 σύγε
484 2231 592 2301 ποιεῖς,
616 2228 657 2311 μὴ
679 2232 776 2290 ταῦτα
794 2228 911 2312 νεμέσα
928 2230 991 2294 τοῖς
1010 2227 1116 2297 πέλας.

324 2311 413 2395 Ἀγει
434 2313 469 2375 δὲ
488 2314 564 2397 πρδς
586 2316 653 2398 φῶς
670 2311 724 2417 τὶγν
749 2312 897 2397 ἀλήθειαν
921 2311 1003 2381 θεός.

325 2396 578 2481 Ἀγεωμέτρητος
600 2398 693 2460 ἐνθάδ
733 2397 834 2466 οὐδεὶς
856 2398 970 2467 εἰσίτω.

326 2480 426 2563 Ἀγὼν
445 2483 531 2564 φιλία
551 2505 583 2544 τε
605 2481 759 2567 πρόφασιν
776 2482 832 2547 οὐκ
853 2482 1037 2567 ἐπιδέχεται.

327 2562 454 2648 Ἀγνοεῖ
475 2566 506 2629 δ’
528 2568 647 2652 ἀράχνη
674 2568 788 2635 παῖδας
811 2572 854 2637 ὡς
873 2565 1060 2629 παιδεύεται.

373 2651 518 2735 θρέψασα
539 2653 595 2735 γοὶρ
620 2650 771 2735 τέθνηκεν.
788 2654 845 2716 ύπδ
870 2657 928 2715 τῶν
952 2652 1114 2733 φιλτάτων.

329 2735 398 2800 Ἀεὶ
418 2735 475 2819 γοὶρ
499 2734 533 2798 εὖ
550 2736 708 2799 πίπτουσιν
734 2738 860 2805 οὶ“Διδς
879 2736 977 2820 κύβοι.

326 2821 396 2885 Ἀεὶ
415 2820 550 2902 γεωργὸς
573 2820 616 2887 εἰς
637 2820 739 2883 νέωτα
760 2822 915 2888 πλούσιος.

326 2904 393 2969 Ἀεὶ
417 2906 541 2971 κολοιὸς
558 2905 643 2987 παρὰ
662 2906 786 2967 κολοιὸν
811 2908 933 2977 ἱζάνει..

326 2987 478 3073 Ἀηδόνες
502 2986 658 3071 λέσχαισιν
684 2989 903 3072 ἐγκαθήμενοι.

324 3074 444 3139 Ἀθυτα
463 3072 496 3134 δ’
521 3072 589 3154 ἱεροὶ
606 3074 756 3143 πολλάκις
774 3074 936 3138 κατεσθίει.

324 3160 431 3227 Ἄθως
452 3156 599 3220 καλύπτει
620 3157 741 3239 πλευροὶ
762 3158 899 3241 Λημνίας
922 3157 1003 3243 βοός.

324 3243 432 3312 Ἄθως
452 3243 568 3313 σκιάζει
589 3245 673 3305 νῶτα
694 3242 831 3325 Λημνίας
851 3241 936 3313 ἁλός.

332 3327 422 3391 Αίτεῖ
441 3350 476 3411 γε
498 3328 549 3390 καὶ
570 3326 641 3393 τοὶς
662 3326 843 3409 ἀνδριάντας
864 3326 988 3433 ἄλφιτα.

327 3410 454 3495 Ἀκλητὶ
476 3413 671 3496 κωμάζουσιν
694 3412 738 3479 εἰς
760 3411 858 3495 φίλων
880 3415 974 3496 φιλοι.

245 3491 248 3500 ’
325 3492 451 3577 Ἀκμων
475 3496 614 3579 μέγιστος
636 3494 672 3558 ού
697 3498 839 3580 φοβεῖται
865 3496 937 3565 τοὺς
960 3496 1092 3581 ψόφους.

324 3575 431 3661 Ἀκριρ
455 3582 490 3643 δὲ
511 3582 649 3667 κεφαλὴν
671 3582 824 3663 κνώμενοι
846 3586 891 3667 τηῖ
915 3582 1068 3667 δακτύλῳ.
1145 3656 1149 3665 ,

329 3661 487 3726 Ἀλίσκετ’
507 3664 568 3749 ἄρα
590 3668 642 3729 καὶ
663 3668 739 3748 πρδς
762 3666 901 3728 ἀσθενῶν
922 3665 1028 3751 ταχὺς,

334 3788 339 3798 -
373 3747 424 3811 καὶ
439 3748 516 3832 πρδς
534 3753 675 3834 χελώνης
693 3750 783 3817 ἀετὸς
803 3750 833 3812 ἐν
859 3750 972 3836 βραχεῖ
988 3749 1103 3835 χρόνῳ.
