2884 4650
725 537 876 632 —3-03—
907 591 917 604 .

277 703 328 757 445
346 704 408 767 Sed
428 707 504 764 haec
523 706 633 765 doloso
656 706 768 765 addire
787 715 949 784 potuerunt
968 708 1034 766 viro

345 791 456 851 Graeci
479 811 578 849 meam
598 791 645 848 illi
664 800 881 869 postputantes
903 793 1043 870 gloriam.
1097 813 1102 822 ’

344 876 432 950 Quod
450 877 482 934 ni
502 877 576 934 mihi
596 894 717 934 omnem
738 896 845 936 eversa
865 892 951 936 mens
974 878 1157 956 sapientiam

342 963 612 1039 Expectorassent‚
634 969 664 1019 et
689 962 806 1034 oculus,
830 980 983 1038 nunquam
1006 965 1137 1042 amplius

342 1046 459 1105 Iudicia
479 1047 510 1104 in
532 1047 624 1104 alium
642 1046 830 1106 iudicassent
850 1047 932 1105 talia.

277 1126 328 1180 45⁰
344 1132 410 1190 Iam
434 1133 553 1208 pervico
574 1131 688 1204 auimo,
710 1133 785 1191 Iove
808 1141 886 1205 sata,
906 1133 1104 1209 implacabili,

343 1218 404 1289 Me,
426 1235 492 1274 cum
513 1217 624 1274 iamin
646 1217 714 1275 illos
738 1224 885 1275 verterem
905 1217 1049 1278 infestam
1070 1237 1206 1293 manum,

342 1302 504 1379 Repressit
526 1302 644 1360 obiecta
666 1303 831 1379 impotente
853 1302 984 1375 insania,

343 1387 379 1444 In
402 1387 544 1465 gregibus
565 1386 634 1446 istis
657 1395 689 1444 ut
711 1395 898 1445 cruentarum
921 1405 1054 1445 manum.

342 1471 456 1529 Verum
479 1471 633 1530 cachinnis
660 1490 739 1529 nuuc
761 1473 834 1529 mihi
856 1472 996 1545 illudunt,
1021 1474 1072 1532 ubi

276 1554 327 1608 455
344 1556 462 1633 Fugere
483 1574 531 1612 me
554 1555 681 1614 nolente.
704 1575 771 1614 cum
791 1555 877 1616 Deus
900 1566 997 1630 nocet,

343 1640 401 1699 Vel
422 1640 578 1699 fortiorem
600 1643 729 1699 evadere
750 1642 862 1718 ignavo
883 1650 931 1700 est
952 1642 1043 1700 facul.

345 1723 424 1796 Quid
447 1744 519 1802 ergo
541 1725 662 1799 faciam,
685 1745 775 1800 quem
797 1727 933 1784 disertim
955 1745 1061 1786 omnes
1084 1725 1144 1784 Dei

346 1809 467 1869 Odere?
488 1829 576 1884 quem
598 1811 660 1868 odit
682 1812 781 1870 omnis
804 1811 951 1869 Achivum
971 1812 1145 1870 exercitus?

344 1896 384 1954 ut
405 1895 503 1954 omnis
527 1895 590 1953 odit
612 1895 718 1968 Troia,
747 1904 777 1953 et
795 1915 886 1954 omne
907 1897 1007 1954 isthuc
1027 1896 1152 1956 solumi

276 1980 328 2034 460
345 1985 394 2040 An
417 1980 614 2039 domitionem
639 2000 710 2058 ergo
737 1981 785 2039 his
808 1981 923 2039 relictis
946 1983 1104 2057 portubus,

345 2065 486 2143 Solisque
509 2065 634 2137 Atridis,
654 2074 738 2124 trans
763 2073 793 2123 et
813 2068 947 2143 Aegeum
969 2067 1093 2143 parem?

345 2149 407 2210 Sed
428 2170 488 2226 qua
508 2150 591 2227 potis
615 2151 672 2209 sim
694 2151 792 2208 fronte
813 2150 1013 2209 Telamonem
1035 2159 1153 2229 patrem

345 2235 459 2295 Contra
483 2235 621 2295 obtueri?
645 2234 794 2312 quomodo
812 2255 860 2293 me
879 2235 1054 2312 inglorium,

341 2321 460 2380 Virtute
481 2340 601 2381 cassum
625 2321 786 2381 sustinebit
807 2340 941 2393 cernere,

276 2406 326 2461 465
345 2405 479 2479 Quarum
500 2407 568 2483 ipse
587 2426 686 2464 rerum
707 2407 872 2465 honoribus
894 2407 1020 2465 summis
1043 2406 1144 2465 cluet?

344 2491 417 2552 Nou
440 2493 484 2552 sic
506 2492 611 2564 abibit,
634 2510 705 2550 nou.
729 2490 801 2565 qnid
824 2491 916 2568 ergo?
939 2510 978 2549 an
999 2492 1047 2549 vir
1065 2492 1130 2549 viro

264 2570 267 2575 Δ
346 2576 534 2655 Congressus
557 2577 596 2634 ad
618 2575 731 2635 Troum
755 2576 817 2635 alta
835 2576 1063 2653 propugnacula

346 2660 435 2720 Clare
458 2670 598 2738 oppetam
616 2662 719 2737 aliquo
743 2661 879 2720 facinore
903 2661 1014 2720 illustri
1040 2661 1141 2720 edito?

347 2744 409 2805 Sed
429 2747 560 2805 facerem
582 2748 696 2805 Atridis
718 2765 782 2804 rem
805 2748 916 2805 bonam
936 2755 966 2804 et
983 2747 1208 2824 gratissnmam.

276 2834 327 2887 470
343 2830 414 2889 Non
436 2832 480 2891 sic
500 2832 603 2890 abibit.
632 2833 734 2909 aliqua
757 2832 903 2894 tentanda
926 2839 974 2891 est
993 2832 1054 2904 via,

344 2916 414 2991 Qua
435 2917 496 2973 iam
520 2918 651 2975 senectis
676 2916 776 2975 obsito
801 2917 944 2974 membris
964 2918 1044 2991 patri

342 3000 499 3073 Profitear‚
523 3001 604 3058 haud
623 3002 681 3059 hoc
703 3011 791 3078 patre
810 3022 858 3059 me
879 3002 1021 3078 ignavum
1045 3008 1154 3059 satum.

343 3084 424 3145 Nam
447 3095 534 3160 turpe
554 3084 678 3163 longum
699 3086 836 3162 postulat
858 3104 892 3145 se
915 3086 1026 3159 vivere,

344 3171 400 3231 Oui
426 3171 511 3230 nulla
532 3171 618 3228 detur
640 3190 659 3227 a
678 3171 767 3230 malis
787 3171 964 3246 interquies.

276 3258 326 3312 475
343 3256 424 3316 Nam
445 3256 516 3332 quid
536 3256 628 3313 habet
647 3256 677 3313 in
699 3275 733 3313 se
752 3256 862 3333 volupe
884 3256 921 3313 dc
946 3256 996 3313 die
1018 3256 1083 3315 dies

342 3341 423 3400 Hinc
447 3358 642 3402 summovens
667 3341 771 3413 vitam,
798 3341 868 3399 inde
886 3349 1014 3400 mortem
1032 3342 1242 3418 promovens?

342 3426 439 3484 Nihili
463 3427 583 3504 quidem
604 3426 756 3483 hominem
775 3426 899 3484 fecerim
922 3444 1011 3502 quem
1033 3444 1106 3503 spes
1126 3425 1192 3500 ulit,

343 3510 501 3587 Vitamque
522 3512 610 3571 vanis
633 3512 773 3588 speribus
794 3511 886 3570 lactat
907 3528 1004 3569 suam.

345 3592 406 3655 Sed
429 3616 539 3674 nempe
558 3597 684 3674 pulchre
702 3597 805 3657 vivere
827 3603 879 3654 aut
898 3596 1024 3672 pulchre
1040 3594 1118 3653 mori

276 3685 328 3740 480
345 3681 497 3757 Expetere
516 3681 655 3741 honestis
678 3690 708 3741 et
726 3682 800 3741 viris
821 3700 925 3739 verum
948 3689 1005 3741 est.
1029 3687 1128 3738 tenes.

346 3763 401 3825 Ch.
443 3765 553 3825 Aliena
574 3767 654 3826 dicta
675 3768 751 3827 haec
771 3776 802 3826 te
824 3767 910 3844 loqui
931 3784 1023 3825 nemo
1045 3772 1184 3824 autumet
