2884 4650
566 500 716 595 3ρρ-

184 668 344 731 Semiferis
368 670 459 747 sociis
478 671 516 728 ad
536 671 743 745 pandiculeris
763 688 850 727 sacra

182 754 267 829 Dux,
292 755 377 828 ades,
400 756 647 833 expergefaciens
670 754 845 814 vitulamina
864 755 989 829 alumni,

185 838 263 901 (lum
284 840 447 901 Brumabu’
466 841 526 899 tuis
550 841 698 900 comitant
719 842 798 898 bena
818 840 876 896 rite
896 848 1024 915 patrata,

184 925 272 985 Haeo
294 934 439 985 nocturna
458 944 555 999 sacra,
577 926 712 985 allucens
733 925 856 984 comitia
877 933 992 998 sancta,

183 1010 294 1083 Iubile,
317 1010 536 1089 thyrsigerens,
561 1019 648 1071 coetu
670 1012 798 1071 florente
821 1028 988 1069 senescens.

365 1179 461 1237 Dicae
486 1180 604 1238 Veneris
629 1181 769 1257 Volapiac
791 1199 914 1237 carmen.
1053 1179 1094 1239 54

184 1262 361 1341 caeligena,
383 1264 522 1338 illustris,
544 1266 657 1338 ridens,
681 1274 787 1343 arguta
804 1265 969 1336 Venustus,

185 1346 373 1426 Spnmigena
395 1368 413 1408 0
432 1349 573 1426 genitrix,
595 1350 798 1425 pernoctatrix
821 1350 1003 1421 veneranda,

185 1432 357 1511 Coniugula
374 1441 404 1493 et
421 1442 577 1507 nocturna,
602 1443 632 1493 et
653 1436 699 1495 vis
722 1443 791 1493 cata
807 1442 904 1492 mater
925 1434 1056 1506 amicae3

186 1518 298 1579 Omnia
319 1538 390 1576 nam
415 1528 516 1593 exte,
537 1528 569 1577 tu
591 1520 737 1579 invexisti
755 1521 878 1578 foedera
898 1520 1016 1578 mundi:

182 1605 224 1663 Et
244 1604 334 1661 trium
355 1603 421 1661 iura
442 1612 527 1663 tenes
549 1607 724 1679 Montanum,
744 1613 851 1663 cuncta
871 1605 1018 1682 genisque

185 1689 279 1749 Omni
298 1688 405 1761 modis,
426 1690 501 1747 coeli
521 1698 550 1747 et
572 1691 663 1748 terrai
682 1691 849 1768 frugiferai,

183 1775 224 1833 Et
247 1773 322 1832 salsi
342 1774 455 1846 mundi,
477 1793 602 1849 praeses
624 1776 818 1835 sanctissima
838 1775 954 1846 Brumi,

185 1858 412 1919 Concelebrans
435 1859 554 1935 epulas,
578 1880 595 1917 o
616 1862 765 1934 pronuba,
788 1868 883 1917 mater
903 1877 1047 1929 amorum,

185 1943 300 2015 Suada,
321 1951 350 2001 et
374 1943 533 2002 strativola
552 1962 673 2016 arcana,
687 1952 727 2001 ‘et
748 1944 815 2003 sali'
837 1942 1035 2014 conciliatrix,

184 2029 273 2101 Visa,
290 2028 400 2100 invisa,
424 2046 526 2087 comas
548 2029 760 2103 pulcherrima,
782 2029 913 2105 patrima
930 2026 1001 2098 Dia,

186 2112 357 2189 Sponsalis,
380 2113 515 2186 conviva,
539 2113 639 2171 Deum
662 2114 803 2186 Maiesta,
826 2114 975 2188 Luperca,

184 2198 331 2257 Prolifica
352 2207 382 2255 et
401 2198 524 2271 Vit'una,
545 2199 659 2269 virosa,
681 2199 834 2257 Lubentia
854 2205 958 2255 mater.

186 2281 330 2359 Quaeque
351 2291 450 2354 arctas
470 2284 605 2344 homiues
627 2285 823 2362 compagibus
843 2283 1065 2355 illecebrarum,

185 2370 227 2428 Et
248 2388 343 2447 genus
368 2389 457 2428 omne
478 2370 664 2427 animantum
689 2379 811 2428 aeterno
832 2369 953 2428 volnere
971 2368 1099 2440 amoris3

186 2455 284 2518 Adsis
302 2455 494 2532 caprigenum
514 2473 659 2532 sanguen,
684 2456 749 2514 sive
770 2456 847 2512 atria
866 2453 952 2512 Coeli

186 2539 248 2598 Dia
266 2541 389 2614 premis,
411 2539 514 2620 ridens
532 2541 638 2617 regina
654 2541 784 2598 micante
801 2539 926 2612 labello,

188 2624 347 2683 Turiferae
369 2624 473 2686 Suriae
495 2643 549 2683 seu
569 2626 681 2684 lustras
701 2625 814 2700 templa
837 2626 936 2696 beata,

188 2707 261 2770 Sive
281 2710 314 2767 in
335 2710 516 2785 aequoribus
540 2711 638 2785 campi
662 2709 883 2786 splendentibu’
903 2708 983 2785 bigis

187 2795 319 2870 Propter
339 2796 455 2854 habeus
477 2803 604 2872 augusta
623 2795 755 2854 Melonis
776 2794 901 2852 flumina
921 2793 1025 2870 opimi,

187 2880 246 2940 Vel
266 2881 292 2938 si
312 2880 463 2938 littoribus
480 2880 582 2954 pullis,
604 2899 698 2956 prope
719 2898 870 2936 marmora
890 2878 974 2954 ponti

190 2962 358 3024 coelituum
379 2964 492 3042 gaudes
513 2964 595 3024 Diva
617 2961 817 3023 exultantibu‘
839 2965 947 3036 turbis,

188 3053 251 3108 Aut
273 3051 363 3107 etiam
384 3049 522 3108 tremulis
543 3050 628 3125 pusis
650 3050 681 3108 in
702 3049 838 3127 gramine
860 3057 959 3107 terrae

188 3135 341 3194 Littoreos
363 3135 401 3192 ad
423 3133 564 3210 pulvinos
588 3153 654 3192 cum
678 3143 822 3210 praepete
842 3154 941 3205 curru,

190 3218 261 3281 Sive
281 3221 322 3284 in,
336 3219 437 3295 Cupra
460 3227 555 3278 matre
578 3227 640 3293 tua,
662 3222 714 3280 ubi
735 3221 793 3278 rite
815 3219 956 3278 novellae

178 3305 236 3362 Te
260 3323 371 3380 pucras
389 3305 545 3381 innuptae,
569 3312 600 3362 et
619 3313 743 3382 nuptae,
765 3305 902 3362 formosa
919 3298 1083 3376 quotannis

191 3387 415 3450 Concelebrant
436 3391 541 3468 regina
564 3397 652 3466 atquc
664 3391 827 3467 indigetem
839 3388 938 3445 Deum
950 3385 1098 3445 Adonem.

188 3475 259 3536 Huc
280 3475 365 3534 adsis
387 3494 511 3552 compos
535 3476 700 3552 spectandi,
721 3474 803 3532 Diva
821 3472 948 3549 leporis,

189 3559 270 3619 Nam
293 3579 369 3636 pura
390 3568 420 3618 te
440 3569 540 3618 mente
567 3561 635 3620 eolo
657 3559 859 3637 precibusque
880 3553 1008 3633 pudicis.
