2884 4650
691 554 840 648 Q-

313 720 360 781 δΒ
567 716 627 802 ,Μὴ
650 719 782 803 τρέσσῃς
802 718 848 781 ὅτι
867 717 964 788 τόξον.

313 805 402 880 Quod
421 814 527 867 tensos
547 824 646 880 arcus,
669 808 842 885 infestaque
863 807 936 880 tela,
959 808 1085 885 sagittas

353 895 433 951 Ante
454 911 537 952 meos
558 894 651 970 posui
670 902 739 952 cote
762 895 888 953 subacta
907 892 1014 969 pedes,

315 976 404 1052 Quod
426 977 542 1036 clavam
564 985 663 1055 gestat
684 998 803 1051 manus,
826 979 948 1053 hospes,
970 994 1062 1054 parce
1083 977 1202 1051 timere,

355 1062 498 1138 Quodque
517 1064 655 1122 humeros
678 1063 769 1140 pellis
788 1064 867 1120 hirta
885 1062 982 1121 leonis
1002 1062 1073 1121 obit

310 1148 385 1224 Ipse
405 1148 499 1206 malos
521 1154 647 1221 tantum,
668 1168 731 1207 non
752 1168 858 1208 omnes
880 1148 1002 1205 laedere
1024 1148 1104 1220 novi,

354 1234 394 1291 Et
415 1252 539 1309 possum
560 1234 713 1292 aerumnis
735 1234 885 1310 eripuisse
906 1233 1013 1291 bonos.

314 1400 360 1459 δ9
560 1396 656 1461 Erebe
676 1398 782 1474 πέλας,
805 1399 967 1481 δάκρυσον.

314 1485 396 1547 Siste
418 1485 553 1563 gradum,
574 1487 649 1545 siste
670 1488 795 1562 hospes,
823 1487 1050 1563 inexpletisque
1069 1486 1181 1545 tuendo

356 1570 568 1649 Magniloquae
589 1571 705 1631 Niobes
726 1573 909 1630 illacrimare
927 1573 1028 1631 malis.

314 1655 406 1715 Cuius
429 1657 512 1713 humi
532 1656 601 1715 telis
625 1665 762 1716 natorum
783 1677 910 1734 corpora
929 1658 982 1715 bix
1003 1676 1061 1716 sex

356 1741 438 1799 Hinc
458 1741 614 1815 Phoebus,
637 1742 754 1801 Phoebi
773 1743 881 1801 stravit
901 1752 932 1800 at
952 1742 1022 1800 inde
1044 1759 1138 1800 soror.

313 1827 482 1905 Ambiguae
501 1828 577 1886 haec
596 1828 674 1885 inter
697 1829 814 1887 silicem
837 1846 1016 1902 carnemque
1037 1828 1152 1904 figurae

295 1980 297 1987 Α
355 1910 405 1971 Fit
423 1911 515 1989 lapis,
539 1923 569 1971 et
591 1910 716 1991 Sipylus
741 1922 827 1971 caute
848 1921 974 1972 sonante
994 1914 1096 1990 gemit.

313 1998 368 2057 Vis
394 1999 493 2057 morbi
515 1999 547 2057 in
567 1999 672 2075 lingua
691 2008 740 2057 est
757 1998 933 2057 mortalibus
955 1999 1056 2057 insita.
1080 2014 1176 2072 saepe

356 2082 470 2141 Natum
491 2103 529 2141 ex
551 2084 662 2142 infreni
685 2084 860 2162 garrulitate
880 2084 992 2141 malum
1016 2090 1072 2141 est.

315 2252 383 2311 312
565 2247 691 2334 Κύπρις,
712 2249 763 2311 ὅτε
786 2249 973 2311 σταλάουσα.

314 2338 390 2399 Cum
410 2338 514 2398 Venus
535 2340 679 2415 aequorei
700 2339 816 2414 spumis
838 2338 913 2397 salis
931 2339 992 2397 uda
1013 2336 1139 2415 capillos

356 2425 447 2483 Edita
465 2426 625 2503 purpureis
646 2426 729 2484 nuda
749 2431 867 2482 nataret
887 2425 990 2498 aquisz

314 2509 461 2568 Uvidulos
482 2519 573 2569 roseo
598 2511 695 2570 crines
718 2509 842 2587 collegit
863 2510 902 2567 ab
925 2529 989 2582 ore,

356 2594 396 2652 Et
414 2592 514 2653 salsas
536 2604 636 2673 guttas
660 2597 784 2656 strinxit
803 2603 930 2669 utraque
950 2613 1051 2664 mauu,

313 2677 469 2737 Hactenus
490 2682 618 2740 extendo
637 2701 697 2758 qua
715 2683 773 2740 fas.
798 2678 832 2740 Si
853 2680 924 2738 talis
948 2680 979 2736 in
998 2677 1080 2736 unda

355 2763 431 2822 Visa
450 2764 516 2837 fuit,
536 2766 641 2844 Martis
662 2776 789 2844 pectora
811 2767 910 2824 turbet
932 2784 1023 2822 amor.

315 2931 383 2991 320
595 2927 705 3014 Ῥώμη
727 2906 947 3015 suppositas.

315 3019 360 3078 Te
382 3037 533 3094 nunquam
554 3020 676 3078 amissis
700 3020 797 3096 fugiet
818 3020 952 3077 Victoria
972 3017 1092 3095 pennis,

354 3104 422 3164 Nec
444 3113 496 3162 tua
515 3104 583 3162 laus
606 3104 726 3181 poterit,
750 3105 883 3162 maxima
903 3105 1012 3176 Roma,
1034 3101 1117 3160 mori.
1224 3155 1227 3160 .

316 3275 389 3353 C(l)
627 3267 706 3332 Ἡδὺ
733 3270 828 3352 μέλος
848 3269 895 3352 νὴ.

314 3359 412 3418 Dulce
435 3365 553 3432 sonant,
574 3377 643 3416 mea
664 3357 845 3434 Z‘enophile,
871 3365 924 3416 tua
944 3358 1091 3415 carmina:
1115 3357 1205 3416 docto

356 3445 481 3518 Pollice,
506 3446 550 3504 sic
568 3446 670 3502 faveat
687 3443 756 3501 Pan
778 3444 862 3515 mihi,
892 3443 980 3500 dulce
1002 3448 1119 3501 sonant.

194 3561 206 3591 s
315 3526 380 3601 Quo
400 3530 512 3608 fugiam
531 3530 584 3589 te?
603 3548 652 3586 me
674 3528 796 3606 cingunt
817 3528 960 3604 indagine
980 3545 1109 3600 amores,

359 3611 426 3671 Nec
447 3616 618 3692 respirandi
636 3623 755 3691 tempus
780 3621 810 3671 et
831 3613 908 3670 hora
927 3613 1024 3670 datur.

314 3698 402 3758 Unde
415 3700 487 3756 mihi
500 3700 614 3759 formae
627 3702 702 3758 haec
717 3719 791 3758 aura
804 3697 934 3774 appulit:
949 3705 1002 3756 aut
1016 3717 1053 3755 ea
1062 3697 1153 3755 Musa
1168 3702 1227 3768 est,

358 3789 426 3890 Aut·
440 3781 547 3844 Charis
568 3795 628 3845 est:
654 3787 742 3858 eheu,
764 3784 835 3860 quid
857 3783 983 3858 loquor?
1004 3801 1083 3855 uror,
1106 3801 1183 3840 amo.
