2884 4650
709 540 862 637 *ιορ-

570 709 662 769 Aliud
683 728 722 768 ex
744 708 863 770 Gallico
884 709 1001 775 incerti.

332 788 397 854 ἔστι
415 812 458 859 τις
478 790 510 853 ἐν
536 790 701 876 φθονεραῖς
721 792 820 856 δεινὸν
843 790 943 875 τέρας,
970 791 1008 859 ὃς
1025 790 1063 853 τὰ
1085 788 1246 875 Μαρώτοο

372 874 453 958 ήδέα
477 875 532 958 μὲν
555 877 678 959 φάσκει,
701 876 820 961 σκληρὰ
840 876 874 938 δὲ
896 874 979 959 τάμὰ
1000 874 1117 952 πέλειν,

332 958 547 1045 ἀμφοτέροισι,
565 959 676 1040 λέγων,
698 962 799 1045 δάφνη
825 960 879 1043 μὲν
902 958 1025 1065 ἔπαθλα
1046 956 1194 1043 Μαρώτιρ

332 1042 821 1212 tfsspgtptegpzvsspfipgedmiffi&
835 1042 1038 1212 ῗέαμήίιὲέα
1059 1128 1246 1211 προσάπτειν

375 1213 538 1289 σπεύδεαις
560 1213 617 1276 οὐκ
642 1213 739 1290 οἶδας,
762 1214 1033 1298 intermeantium
1056 1212 1094 1275 τὰ
1116 1213 1173 1287 σοί;

399 1383 542 1446 Segusione
560 1384 596 1432 ad
609 1385 709 1433 radices
722 1384 832 1448 Alpium
849 1384 877 1432 in
886 1384 978 1435 aulaeo
991 1382 1119 1432 Basilicus
1129 1382 1247 1435 intextae

484 1459 545 1501 sunt
563 1453 630 1501 duae
645 1454 772 1515 mulieres,
791 1452 908 1515 singulae
923 1466 1031 1516 puerum
1040 1451 1166 1501 infantem
1176 1452 1246 1503 ulnis

483 1529 628 1582 gestantes,
648 1528 673 1571 et
693 1536 720 1570 se
738 1530 830 1571 mutuo
848 1520 1025 1585 respicientes,
1046 1520 1163 1571 versibus
1184 1518 1249 1571 Gul-

482 1588 539 1637 licis
564 1590 701 1656 inconditis
727 1592 760 1639 ad
781 1590 861 1655 pedes
882 1604 969 1639 earnm
987 1589 1109 1653 adjectis,
1137 1604 1248 1653 quorum

486 1660 639 1708 sententiam
657 1658 710 1711 los.
729 1658 779 1707 hoc
797 1658 980 1723 epigrammate
993 1656 1091 1707 Graeco
1110 1660 1247 1722 expressit.

332 1734 475 1819 ήρετέρω
499 1737 554 1820 μὲν
574 1736 680 1814 παῖδε,
700 1739 752 1800 καὶ
771 1736 934 1821 ἡμετέροιο
958 1738 1018 1801 ἀπὸ
1038 1738 1160 1800 παίδοιν

376 1822 480 1898 παῖδε,
506 1822 678 1904 κασιγνήτω
700 1822 735 1884 θ’
755 1821 917 1906 ήμετέροιν
942 1821 1074 1905 ἀνέροιν.

333 1902 480 1987 ἀλλήλοιν
503 1906 593 1984 θείω,
616 1907 667 1969 καὶ
690 1907 850 1991 ἀδελφιδῶ
873 1906 1030 1989 ἀλλήλοιϊν

376 1990 558 2076 ἀμφότεροι,
578 1992 716 2075 νομίμων
742 1991 768 2053 δ’
782 1992 964 2073 1ἐιιγεγαῶτε
987 1990 1104 2074 γάμων.

581 2154 698 2221 Versus
722 2161 834 2221 Gallici
854 2162 887 2220 hi
909 2170 989 2222 sunt:

417 2248 483 2306 Nos
498 2249 549 2321 fils
569 2257 706 2306 somnos
721 2250 781 2321 fils,

418 2335 524 2392 Frtree
551 2344 579 2392 et
591 2335 641 2408 fils
662 2338 681 2392 ὰ
703 2353 756 2392 nos
776 2337 874 2406 moris,

418 2417 498 2477 L'on
521 2423 541 2476 ὰ
565 2419 669 2477 l'autre
690 2420 784 2477 oncles
803 2427 830 2476 et
848 2437 991 2494 napaeas3

419 2505 499 2562 Nais
519 2504 554 2561 de
576 2506 655 2581 loyal
676 2507 807 2581 ωανὶαρα
833 2513 907 2564 toute
930 2507 1014 2562 dean.

457 2749 599 2827 l'lllllll
624 2749 721 2827 Slltl
750 2751 903 2828 Seleetae
928 2748 1136 2827 Sententiae.

398 2898 467 2958 Hos
487 2896 622 2959 Graeoos
645 2920 752 2960 versus
775 2901 935 2960 effudimus
948 2900 1066 2977 potius‚'
1077 2918 1168 2976 quam
1184 2918 1249 2957 me-

336 2984 423 3043 ditati
445 3002 563 3057 sumus:
585 2986 617 3043 id
637 2987 719 3060 quod
741 2993 771 3044 et
789 2987 947 3064 angustiae
965 2986 1123 3063 temporis,
1139 2985 1250 3060 quibus

337 3070 531 3147 scripsimus3
553 3076 584 3127 et
604 3071 705 3144 amici,
727 3071 835 3146 quibus
850 3091 907 3132 nos
920 3071 1017 3153 rogati
1030 3073 1086 3130 has
1102 3070 1250 3148 pauculas

336 3157 429 3215 horas
452 3155 664 3232 impendimus,
685 3157 792 3214 testari
812 3158 940 3233 possint.
962 3156 1005 3216 Ut
1025 3157 1169 3215 meliores
1190 3156 1252 3214 sint
1363 3153 1364 3192 ί

336 3260 456 3316 versus,
477 3249 507 3299 et
530 3240 664 3298 maioris·
676 3241 729 3298 otii
749 3260 823 3317 opus
844 3250 902 3315 est,
929 3241 1104 3301 etmelioris
1125 3240 1253 3318 ingenii.

336 3324 425 3384 Haeo
445 3335 544 3386 autem
559 3325 722 3398 Publiana,
735 3327 872 3400 quamvis
883 3329 962 3384 inter
974 3347 1073 3407 nugas
1086 3325 1252 3384 theatrales

335 3410 459 3485 iactata,
479 3421 581 3472 tamen
600 3411 672 3488 qnid
692 3418 818 3486 reatum,
832 3411 904 3486 quid
919 3413 993 3470 utile
1012 3415 1062 3486 sit,
1084 3412 1171 3470 iuxta
1183 3411 1252 3469 Ho-

335 3495 458 3570 ratium,
483 3499 592 3559 melins
613 3496 788 3575 Chrysippo
811 3504 841 3554 et
862 3494 1008 3556 Crantore
1029 3499 1141 3556 dieunt.
1188 3495 1252 3553 Ita-

298 3647 309 3666 ·
337 3598 396 3655 que
417 3602 570 3659 nunquam
589 3584 661 3643 illos
686 3581 886 3656 demonibus
907 3581 1060 3660 deponant
1080 3601 1143 3641 non
1164 3580 1253 3659 pueri

338 3672 465 3740 tantum,
485 3669 539 3726 sed
559 3670 650 3728 etiam
671 3658 841 3728 doctiores:
861 3667 939 3742 quod
962 3668 1043 3728 idem
1059 3668 1097 3726 de
1109 3666 1253 3744 Dionysii

339 3749 462 3812 Catonis
484 3753 632 3814 Distiehis
653 3756 765 3814 dietum
785 3750 865 3811 volo.
