2884 4650
575 557 726 654 -13-9-

194 721 299 807 Γέρων
320 721 444 804 δόμοισι
470 723 544 806 βοός
566 721 739 804 άπένθητος
762 721 855 804 μένει.

194 805 298 891 Γέρων
318 807 451 889 πίθηκος
473 805 535 910 ούγ
556 805 713 868 ἁλίσκεται
736 805 852 891 βρόχῳ,

234 891 393 955 ἁλίσκεται
419 891 485 973 μὲν,
508 913 562 952 συν
583 890 688 977 χρόνῳ
711 892 741 953 δ’
765 891 930 954 ἁλίσκεται.

193 975 215 1040 Γ
216 980 278 1060 ηρᾷ
300 976 328 1058 γ’
354 977 370 1038 ό
395 976 478 1060 βοῦς.
501 976 538 1037 τὰ
562 976 594 1037 δ’
622 975 696 1060 ἔργα
715 974 817 1037 πολλὰ
835 980 889 1038 τού
913 975 994 1061 βοός.

193 1059 296 1143 Γῆρας
320 1058 449 1127 λέοντος
465 1063 607 1142 κρεῖσσον
628 1060 767 1142 ἀκμαίων
790 1061 916 1144 νεβρῶν.
1032 1081 1037 1086 ·

193 1143 322 1208 Γλυκεῖ’
346 1145 455 1226 ὀπώρα
476 1143 613 1228 φύλακος
634 1143 859 1212 ἐκλελοιπότος.

193 1227 215 1292 Γ
217 1232 344 1336 λῶσσαγ
365 1229 419 1312 μὲν
441 1229 548 1312 ἀργὴν,
571 1233 663 1312 χεῖρα
685 1230 714 1291 δ’
741 1228 867 1332 ἐργάτιν,
879 1229 976 1313 φέρω.

193 1312 305 1398 Γραῦς,
330 1335 419 1380 ιππος
442 1317 495 1390 ως,
518 1313 594 1382 ἕξεις
614 1315 806 1396 χαραδραῖυν
829 1333 937 1396 ταφον.

193 1395 215 1460 Γ
218 1397 337 1482 ραφεδς
355 1398 484 1479 ποιητής
504 1396 534 1459 τ’
560 1397 620 1459 εἶσ’
641 1397 805 1460 ἀνεύθυνοι
828 1397 926 1479 μόνοι.

193 1481 304 1566 Γραρή
328 1483 433 1544 τεκαὶ
454 1485 606 1550 Λευκαῖος
627 1483 662 1544 ού
686 1482 795 1545 ταύτδν
820 1481 911 1565 λέγει.

193 1563 215 1628 Γ
218 1565 319 1630 υναικὶ
343 1567 384 1650 μὴ
406 1566 541 1644 πίστευε,
565 1569 605 1650 μὴ
631 1568 658 1628 δ’
684 1566 719 1629 ἀν
743 1566 897 1652 ἀποθάνῃ.

192 1648 341 1718 Γυναικός
364 1649 450 1733 όμμα
470 1656 533 1718 τοῖς
554 1653 727 1735 ἀκμάζουσι
747 1650 846 1736 βέλος.
929 1694 930 1702 1

193 1733 273 1819 Γυνὴ
297 1737 440 1817 γυναικὸς
461 1735 571 1798 οὔποτ’
597 1736 687 1798 οὐδὲν
713 1734 863 1819 διαφέρει.

193 1816 273 1903 Γυνὴ
298 1820 334 1883 δὲ
355 1822 432 1882 πὰσ’
457 1819 534 1902 αύτό
557 1820 628 1883 ’στιν
653 1819 799 1903 ἀρθέντος
822 1819 946 1903 λύχνου.

193 1901 272 1987 Γυνὴ
299 1910 470 1988 στρατηγεῖ,
492 1906 545 1967 καὶ
563 1907 637 1987 γυνὴ
663 1904 883 1987 στρατεύεται.ι

193 1986 328 2052 Δέδοικα
352 1991 456 2072 μωρδν
477 1990 574 2073 κάρτα
596 1989 774 2072 πυραύστου
800 1985 905 2070 μόρον.

193 2072 350 2137 Δείκνυσιν
375 2075 456 2158 ἀρχή
479 2074 515 2137 τ’]
533 2075 640 2158 ἄνδρα,
663 2074 715 2156 τήν
738 2073 766 2134 τ’
791 2072 888 2175 ἀργὴν
913 2071 999 2156 ἀνήρ.

193 2157 377 2242 Δειλότερος
399 2160 426 2220 εί
446 2164 501 2222 τού
525 2158 776 2242 παρακύπτοντυς
798 2157 916 2240 ἀνερυς.

193 2242 302 2327 Δεινῆς
322 2243 455 2326 ἀνάγκης
476 2242 567 2305 οὐδὲν
588 2243 688 2328 ἰσχύει
707 2241 812 2304 πλέον.

193 2328 295 2391 Δεινοὶ
318 2328 440 2390 πλέκειν
468 2352 515 2391 τοι
538 2329 678 2413 μηχανὰς
696 2329 869 2410 Αἰγύπτιοι.

193 2413 344 2494 Δελφοῖσι
366 2412 464 2481 θύσας
486 2414 578 2481 αὐτὸς
600 2415 720 2497 ὀψωνεῖ
740 2410 841 2495 κρέας.

193 2497 348 2560 Δέσποινα
370 2499 428 2580 γὰρ
450 2497 570 2581 γέροντι
591 2498 714 2582 νυμφίῳ
738 2497 824 2578 γυνή.

193 2582 267 2666 Δίκη
282 2581 375 2664 ,δίκην
397 2580 503 2658 ἔτικτε,
525 2584 577 2645 καὶ
599 2584 697 2668 βλάβη
722 2582 848 2668 βλάβην.

192 2667 284 2750 Δίκην
307 2666 323 2729 ὑ
352 2664 423 2741 έξει,
444 2665 499 2749 κᾷν
524 2667 595 2735 ὄνος
614 2669 710 2750 δάκνη
732 2666 818 2729 κύνα.

192 2752 243 2819 Δὶς
269 2690 349 2813 έπτύ
365 2755 496 2835 πληγαῖς
517 2752 697 2818 πουλύπους
716 2750 910 2833 πιλούμενος.

192 2836 243 2905 Δὶς
265 2836 344 2919 πρδς
359 2838 410 2899 τὸν
436 2837 540 2916 αὐτόν,
563 2838 701 2921 αἰσχρὸν,
722 2834 885 2917 εἰςκρούειν
907 2834 1003 2899 λίθον.

191 2922 301 2988 Δοκεῖς
322 2919 356 2983 δέ
378 2944 431 3004 μοι
451 2924 504 2985 καὶ
524 2922 633 3007 Λάβδα
652 2921 730 2984 κατὰ
752 2922 822 2988 τούς
842 2919 1002 3004 Λεσβίους.

191 3007 312 3073 Δυύλος
331 3008 391 3089 πρὸ
415 3007 543 3082 δούλου,
564 3006 713 3089 δεσπότης
734 3006 793 3088 πρδ
815 3005 975 3068 δεσπότου.

191 3091 342 3174 Δραχμῆς
361 3092 416 3175 μὲν
439 3092 539 3165 αὐλεῖ,
563 3092 714 3175 τεττάρων
740 3090 774 3152 δὲ
799 3090 940 3153 παύεται.

191 3176 216 3238 Δ
237 3174 292 3242 υδς
312 3176 469 3259 πεσούσης
485 3180 545 3242 πὰς
565 3175 642 3259 ἀνὴρ
665 3174 834 3244 ξυλεύεται.

190 3196 264 3324 'Epdv
290 3257 321 3320 δ’
346 3258 468 3345 ἔχωμεν
488 3260 632 3345 χρήμαθ’
658 3259 766 3343 ἕξομεν
792 3260 908 3343 ριλους.

189 3341 332 3425 Ἐγένετο
353 3346 404 3406 καὶ
419 3343 586 3427 Μάνδρωνι
610 3346 729 3408 σύκινον
757 3346 884 3429 σκάρος.

189 3426 272 3510 Ἐγὼ
293 3430 436 3508 γυναικὸς
457 3429 549 3511 όρκον
572 3430 616 3498 εἰς
638 3431 721 3513 ὕδωρ
741 3431 862 3513 γράφω.

187 3509 272 3594 Ἐγὼ
294 3514 416 3596 ποιήσω
434 3516 534 3577 πάντα
556 3515 634 3577 κατὰ
658 3512 875 3597 Νικόστρατον.

189 3594 259 3679 'Ex'
285 3593 352 3681 ιβδα
371 3599 422 3660 τδν
444 3598 571 3681 Σίμωνα
592 3601 644 3663 καλ
664 3598 768 3680 Σίμων
793 3596 808 3657 ἐ
834 3593 859 3656 έ.

188 3678 271 3764 Ἐγώ
292 3703 324 3744 τε
347 3684 398 3745 καὶ
422 3682 457 3746 σδ
479 3686 529 3747 τὸν
553 3683 645 3748 αύτδν
668 3683 798 3763 ἕλκομεν
825 3674 924 3760 ζυγόν.

189 3763 231 3830 Εἴ
249 3764 279 3828 δ’
305 3766 397 3842 ἄξιος,
420 3772 489 3846 παῖ,
509 3772 563 3851 τῗγς
587 3768 618 3831 ἐν
638 3768 746 3850 Ἀργει
769 3765 906 3831 ἀσπίδος.
