2884 4650
375 773 541 833 Versiculis
564 775 685 850 spirans
708 794 770 833 vox
792 776 925 831 animata
944 775 1026 833 tuis?

331 858 458 933 Accepit
478 859 545 918 dios
566 877 586 916 a
606 867 647 931 te,
669 879 744 934 quos
768 861 917 931 redderet,
940 859 1004 931 illa,

313 967 315 972 ’
374 948 402 1004 Α
422 943 547 1002 Phoebo
568 953 707 1020 acceptes
733 945 834 1003 reddis
854 955 888 1002 ut
906 944 971 1019 ipse
993 962 1095 1003 sonos.

394 1115 444 1174 22.
490 1117 528 1171 In
550 1115 760 1188 Inscriptiones
782 1116 918 1188 antiquus
941 1115 1011 1169 Iani
1032 1111 1159 1173 Crateri.

333 1198 483 1260 Cadmeas
507 1199 598 1255 iactet
615 1216 667 1255 cur
686 1198 818 1278 mendax
844 1196 975 1255 Graecia
997 1207 1104 1271 turres,

375 1287 437 1344 Aut
455 1282 670 1358 Amphioniam
692 1301 770 1341 saxa
791 1290 894 1342 secuta
913 1283 1034 1358 lyram?

333 1371 457 1446 Aspice,
481 1367 560 1443 quod
583 1384 709 1444 surgens
733 1387 793 1424 non
816 1382 912 1444 parva
931 1367 1014 1426 mole
1038 1369 1188 1427 theatrum

377 1453 498 1514 Gruteri
520 1453 628 1512 struxit
650 1452 780 1510 daedala
801 1471 871 1509 cura
894 1451 963 1509 mei.
1065 1472 1069 1478 ’

333 1541 439 1614 Usque
460 1545 615 1615 pererrato
638 1545 784 1595 terrarum
810 1539 870 1595 fine
891 1538 1003 1614 petitus

377 1617 516 1682 Cernitur
537 1641 576 1680 ex
600 1624 682 1680 omni
705 1623 853 1699 plurimus
876 1623 947 1680 orbe
966 1622 1055 1699 lapis.

334 1711 495 1769 Armorum
515 1707 564 1765 hic
583 1707 690 1781 titulis,
710 1709 764 1765 ille
788 1716 834 1766 est
855 1708 970 1766 incisus
992 1708 1155 1766 honorum:

378 1793 518 1853 Consulis
539 1793 588 1850 hic
607 1793 702 1871 fulget
718 1793 870 1865 laudibus,
894 1793 946 1849 ille
968 1792 1063 1851 ducis.

333 1878 491 1937 Nobilium
512 1879 649 1936 decorum
674 1886 789 1950 custos,
813 1877 952 1949 Grutere‚
975 1878 1119 1936 Vetustas

375 1964 531 2040 Explicuit
553 1981 662 2023 census
685 1965 716 2021 in
739 1973 792 2021 tua
813 1971 885 2021 vota
908 1981 988 2020 suos.

336 2048 456 2126 Scripta
474 2058 520 2108 tot
542 2049 659 2126 elogiis,
683 2056 730 2106 tot
752 2049 860 2107 dissita
879 2048 1002 2106 sedibus
1023 2047 1105 2120 olim,

376 2136 412 2193 In
433 2135 535 2192 titulos
559 2133 658 2192 laudis
683 2153 763 2190 nunc
784 2136 883 2192 coiere
907 2140 985 2190 tuae.

335 2303 386 2362 23.
401 2305 439 2362 In
448 2303 610 2362 Abrcbcuu'
622 2303 741 2362 Corlcec‘
749 2303 996 2378 Dactyliothecam
1007 2312 1034 2360 ct
1045 2300 1248 2365 Ommatium.

337 2388 422 2450 Sicut
445 2391 482 2447 ab
505 2388 614 2447 anellis
636 2388 768 2465 lapides,
790 2396 820 2445 et
838 2389 917 2445 flava
939 2407 1072 2447 sororum

378 2474 556 2534 Transferre
578 2474 608 2531 in
631 2474 742 2532 calices
763 2473 885 2532 succina
904 2474 992 2531 ludus
1014 2481 1094 2531 erate

336 2556 388 2619 Sic
410 2580 426 2617 e
449 2560 583 2619 thesauri
605 2560 703 2617 medio
726 2558 877 2618 Gorlaens
900 2559 930 2615 in
951 2559 1043 2616 istum

377 2644 445 2704 Has
464 2664 599 2722 gemmas
622 2645 732 2703 librum
752 2645 908 2702 transtulit
928 2644 996 2719 ipse
1020 2641 1080 2701 snit

335 2728 378 2787 Ut
399 2748 476 2804 quae
494 2732 545 2787 vix
566 2737 708 2805 poterant
729 2731 794 2787 auri
815 2728 952 2786 mercede
972 2728 1082 2803 parari,

378 2813 445 2873 Has
465 2814 518 2871 vili
536 2822 640 2890 partas
661 2814 773 2872 Lector
795 2816 919 2872 baberet
939 2832 1023 2888 opes.

337 2900 456 2972 Musae,
476 2917 553 2974 quae
578 2899 675 2957 doctis
698 2900 896 2975 scriptoribus
918 2907 1007 2974 atque
1028 2896 1140 2955 libellis

378 2984 419 3043 Et
442 2985 533 3041 decus
557 2991 586 3040 et
607 2984 725 3041 laudern
750 2985 886 3060 praemia
904 3003 972 3040 rara
994 2983 1084 3055 datis,

337 3069 468 3131 Gorlaeo
489 3088 505 3125 e
527 3069 636 3126 vestris
656 3070 782 3145 gemmis
805 3076 969 3146 properate
993 3086 1147 3126 coronam.

380 3154 436 3216 Sin
459 3154 571 3224 minus,
592 3171 608 3209 e
629 3154 757 3230 gemmis
781 3154 912 3211 instruat
932 3154 984 3210 illc
1008 3153 1081 3210 suis.

337 3324 388 3383 24.
429 3326 468 3383 Iu
492 3327 602 3399 priscos
629 3324 738 3381 Titulos
765 3333 793 3379 ct
819 3324 998 3380 Monimcntc
1025 3323 1209 3379 Brcbcuticc
1229 3340 1250 3377 o

416 3412 527 3468 Franc.
551 3408 689 3467 chcrtio
712 3411 772 3465 cicc
795 3409 1010 3483 Actwcrpicuci
1030 3407 1157 3464 collecta.

337 3493 541 3570 Quaecunque
562 3495 593 3551 in
616 3492 734 3570 patriae
755 3493 963 3568 penetralibus
982 3491 1085 3549 abdita
1106 3489 1214 3565 priscis

378 3577 437 3636 Vel
457 3580 540 3638 saxis
561 3585 704 3656 poterant
724 3596 825 3648 caesa,
849 3578 896 3634 vel
919 3596 989 3635 aere
1010 3576 1081 3653 legi,

336 3662 422 3736 Quae
441 3664 525 3721 nulla
549 3665 674 3737 utilitas,
697 3683 757 3721 non
780 3662 878 3739 gratia
896 3670 978 3719 certa
995 3662 1148 3731 manebat,

378 3747 459 3807 Dum
481 3768 589 3825 sparsa
612 3750 641 3807 in
665 3749 756 3807 variis
775 3748 898 3806 sedibus
919 3746 973 3804 illa
996 3748 1105 3817 iacent,

325 3833 465 3895 -Sweert1
487 3852 559 3891 cura
580 3835 685 3912 legens
713 3850 821 3910 corpus
844 3832 990 3890 conduxit
1006 3833 1038 3889 in
1060 3848 1184 3902 unum,-
