2884 4650
704 506 855 610 Q

327 676 400 758 Λιτῆ
425 674 525 737 δίαιτα
544 672 686 756 ποίρυφος
709 672 773 735 ἐστ’
798 671 948 741 εὐδοξίας.

327 762 430 826 Λιταῖς
454 757 598 840 ἀκαμπῆς
620 757 863 841 δυσπαραίτητος
882 753 1005 839 τρόπος.

329 842 530 912 Τάνεξίκακον
554 839 694 923 ὀργισθὲν
718 842 891 925 οἰστροῦται
913 838 1000 945 ταχύ.

329 926 371 992 Τὸ
395 926 505 1010 μέλλον
528 924 620 987 ἀθλεῖ
642 927 682 1009 μῆ
707 949 735 989 τι
753 925 895 989 νικᾶσθαι
915 924 1021 985 θελον.

328 1013 462 1076 Διπλούν
487 1006 645 1092 ἁμάρτημ’
670 1008 707 1072 ὀύ
731 1032 775 1077 τις
797 1009 854 1071 οὐκ
874 1009 952 1071 αίδὼ
975 1010 1070 1090 κυρεῖ.

329 1094 525 1177 Τυύγκλημα,
546 1093 654 1177 καίπερ
677 1093 807 1177 μετρίως
828 1093 951 1178 λεχθὲν,
971 1095 1072 1156 κακοῖ.

320 1176 423 1245 (Ἀπαν
448 1178 479 1240 ἐν
500 1176 570 1261 ὄψει
592 1178 743 1241 λανθάνον
763 1178 868 1253 κακὸν,
893 1176 981 1261 βαρύ.

330 1263 373 1330 Τδ
396 1267 489 1346 κρῖμα
512 1262 605 1344 μηδὲν
627 1262 662 1324 οὐ
687 1261 829 1346 πρόκριμ’
854 1260 939 1346 ἔχον,
964 1259 1053 1345 βαρύ.

329 1347 416 1432 Βαρύ
436 1346 599 1429 πρύκριμα,
622 1349 715 1429 κρῖμα
740 1348 834 1429 μηδὲν
857 1346 914 1408 οὐκ
938 1343 1021 1429 ἔχον.

329 1433 439 1535 Ψυχῆς
461 1430 571 1513 βαρεῖα
596 1428 865 1513 μεταμελουμένης
886 1429 969 1497 τίσις.

330 1517 483 1599 Φρονημα
505 1515 614 1596 σεμνὸν
640 1515 675 1576 ού
701 1515 892 1600 διχογνωμον
913 1513 1011 1576 πέλει.

327 1596 461 1684 Ἐχθρὸς
477 1600 627 1676 κοίκιστος,
649 1598 730 1667 ύστις
756 1599 786 1661 ἐν
807 1603 852 1683 νιγῖ
872 1597 1044 1682 κρύπτεται.

331 1681 491 1765 Τομιίιτερ’
514 1682 576 1745 ἐστὶ
597 1683 743 1745 κινδύνων
766 1682 825 1765 σ’ίκη
849 1683 925 1744 τινσί.

329 1766 475 1851 Χρηστού
497 1767 606 1853 βαρεῖα
624 1772 710 1850 μῆνις
729 1767 895 1851 ἀνθρώπου
917 1770 1012 1850 κυρεῖ.
1041 1811 1045 1821 .

331 1850 517 1935 Πρύσταγμα
540 1853 639 1915 δεινὸν
663 1856 715 1935 τῆς
734 1850 898 1934 συνηθείας
921 1848 992 1934 ἔφυ.

322 1931 450 1999 Ἅπασα
469 1936 555 2018 δεινὴ
579 1939 642 2004 τοῖς
663 1937 800 2018 ἀπείροις
822 1935 976 2019 συμφοραί.

330 2018 390 2083 Τὸν
412 2019 487 2083 ἰ’διον
511 2018 624 2104 ἔλαχον
650 2022 694 2083 ἰὸν
717 2020 842 2103 αἱμύλοι
861 2018 958 2102 λύγοι.

330 2104 455 2167 Διδοῦσ’
478 2104 620 2189 ἀφορμὴν
639 2104 820 2187 κακολόγοις
839 2105 948 2166 πυκνοὶ
965 2105 1069 2186 γοίμοι.
1109 2150 1118 2167 .

330 2187 441 2272 Φέρειυ
461 2189 617 2273 διάδοχον,
635 2190 654 2272 ῆ
682 2190 819 2272 γράφειν,
841 2192 976 2271 κρεῖττον
997 2187 1095 2251 πέλει.

329 2269 454 2336 Κλαίων
477 2274 622 2358 διάδοχος
644 2273 701 2336 ύπδ
722 2273 909 2381 προσωπείῳ
926 2275 1013 2357 γελᾷ.

326 2356 382 2426 Ὣς
403 2363 503 2441 κτῆμα
525 2359 709 2443 δυστήρητον
731 2359 791 2420 εστ’
813 2357 953 2427 εύδοξίαί
1016 2426 1021 2440 ,

327 2439 382 2510 Ὣς
404 2443 511 2517 δεινὸς,
535 2443 616 2511 ὅστις
635 2441 711 2505 οἴετ’
734 2443 875 2527 ἀσφαλὲς
894 2443 1015 2506 θανεῖνί

324 2523 450 2589 Ἔνδεια
470 2529 585 2610 τολμᾷν
607 2526 702 2590 πόλλ’
721 2528 895 2609 ἀναγκάζει
910 2527 1046 2612 βροτούς.

324 2606 406 2678 ἝΕω
428 2611 454 2691 γ’
480 2612 591 2674 ἑαυτοῦ
611 2611 719 2694 γέγονε
744 2611 858 2695 μηνίων
880 2612 967 2695 ἀνήρ.

330 2687 394 2756 Τοῦ
417 2696 457 2777 μὴ
486 2696 658 2778 στερεῖσθαι
679 2701 740 2759 τῶν
759 2694 874 2772 πύνων,
896 2695 985 2779 εύρες
1007 2694 1113 2780 τύχην.

243 2795 245 2800 ·
322 2771 439 2845 Ὅσους
464 2778 499 2860 ἂμ
523 2780 606 2841 ἰδίων
631 2781 811 2866 ἀποβάλοις,
832 2782 954 2848 τοσοίκις
973 2780 1072 2842 θανεῖ.

324 2859 509 2944 Ἀνθρωπος
526 2861 602 2924 ἄλλο
624 2864 780 2947 φθέγγετ’,
802 2864 878 2928 ἄλλο
901 2865 930 2928 δ’
956 2865 1064 2926 ἐννοεῖ.

330 2941 398 3030 Βίιρ
421 2945 453 3006 σῗ
479 2944 620 3030 ἔχρησεν,
644 2948 680 3010 ού
703 2948 849 3025 δέδωκεν,
873 2951 892 3032 ῆ
913 2949 1002 3034 τύχη.

331 3026 370 3093 Τί
386 3028 446 3092 ἐστ’
472 3031 604 3112 ἀνάγκη;
623 3031 740 3113 θεσμὸς
762 3033 927 3117 εὐσχήμων
948 3031 1073 3118 χρύνοο.

330 3111 434 3178 Καλύν
455 3113 484 3195 γ’
507 3115 696 3199 ὑπηρέτημα,
718 3118 875 3180 δουλεύειν
899 3117 1013 3203 χρόνῳ.

332 3195 532 3278 Τού[ν]δοίον
553 3199 616 3262 ἐστι
640 3199 768 3284 δευτέρα
788 3203 968 3287 παγκτησία.

332 3279 556 3366 Σύ[γ]γνωστύς
578 3283 667 3360 ἐστιν,
690 3283 771 3352 ὅστις
793 3286 939 3370 αἰσχυνῆν
963 3284 1040 3371 ἔχει.

331 3362 518 3450 Σύ[γ]γνωθι
540 3371 603 3437 τοῖς
623 3367 744 3433 ἄλλοισι
766 3370 831 3452 μὲν,
855 3371 957 3455 ἑαυτῷ
980 3372 1015 3433 δὲ
1031 3372 1083 3454 μή.

330 3445 452 3516 Σαυτού
475 3451 628 3536 κατέγνως
651 3449 676 3537 ᾦ
698 3454 848 3536 η’δίκησας
868 3454 973 3538 ἤματι.
1037 3504 1040 3512 ,

330 3529 584 3618 Καταπροιξασθ’
610 3538 686 3620 ὀλίγ’
711 3537 908 3622 ἁμαρτόντων
931 3537 985 3602 ἔνι.

330 3613 482 3701 Ἐρῶντος
503 3623 613 3707 ἀνδρὸς
634 3627 721 3706 μῆνις
746 3623 805 3685 αἰεὶ
828 3622 982 3706 ψεύδεται.

328 3698 380 3765 Ἐν
403 3702 552 3768 ἀθλίοισιν
580 3708 663 3793 ύβρις
685 3707 748 3769 ἐστὶ
768 3705 800 3792 χ’
825 3706 851 3792 ηδ
872 3707 982 3790 γέλως.
