2884 4650
611 566 670 626 115

181 732 231 790 16.
276 731 421 789 Humana
439 733 501 790 vita
524 744 571 793 est
593 730 670 809 alea,
692 737 803 814 inqua
826 740 946 799 vincere

174 815 257 874 Tam
278 817 446 890 fortuitum,
469 838 558 893 quam
583 840 711 880 neeesse
731 823 868 898 perdere.

181 987 229 1044 17.
275 984 309 1046 Si
329 1005 434 1064 angere
453 987 524 1046 ullis
545 989 693 1048 interesse
714 991 890 1068 coetibus[‚]

175 1070 263 1144 Quos
283 1071 428 1129 insolenti
450 1071 621 1134 diffluentes
644 1075 705 1132 otio

176 1155 236 1214 Vel
259 1156 339 1228 rixa,
361 1156 409 1214 vel
432 1157 478 1215 vis
501 1159 600 1216 calida
624 1159 775 1218 commisit
797 1162 870 1236 meri

174 1241 408 1314 Tumultuosos‚
432 1243 481 1299 vel
502 1245 623 1302 iocosus
646 1239 801 1322 garrulae

175 1325 359 1384 Dicaeitatis
385 1326 474 1385 solvit
493 1329 523 1385 in
546 1329 640 1387 risum
660 1331 766 1406 lepos:

174 1411 344 1486 Tantisper
362 1412 438 1469 haec
459 1413 529 1470 dum
552 1415 762 1472 detumescunt
783 1414 903 1487 frivola,

175 1496 347 1573 Praecepta
368 1497 449 1573 apud
469 1506 500 1555 te
520 1495 666 1558 refricans
686 1519 800 1556 memor
822 1517 890 1556 mea

174 1582 211 1640 In
235 1590 338 1639 mente
361 1582 505 1640 blandum
527 1604 638 1659 quaere
659 1601 816 1643 secessum
837 1591 897 1642 tua.

174 1666 290 1725 Potens
316 1667 363 1725 sui
383 1672 482 1740 meris,
504 1687 639 1744 quaeque
662 1689 696 1727 se
720 1688 873 1745 nunquam
895 1671 982 1749 fugit,

174 1753 211 1810 In
234 1752 326 1829 plebe
349 1753 449 1810 media
470 1753 557 1812 dulce
579 1763 728 1813 secretum
749 1755 872 1812 invenit.

406 1922 454 1979 18.
500 1921 640 1996 Sophiste
658 1925 689 1978 10
713 1924 850 1978 conuiuio.

173 2003 243 2077 Quo
267 2013 297 2062 te
312 2006 493 2064 ambulando
516 2025 632 2080 cunque
655 2006 747 2064 vertis
767 2007 912 2083 gentium,

172 2091 278 2148 Vitare
300 2111 363 2150 non
387 2099 434 2150 est
456 2091 677 2167 disputatorum
697 2109 805 2168 genus,

171 2175 316 2253 Pugnant,
337 2184 522 2252 protervum,
542 2177 714 2249 factiosum,
733 2176 896 2254 garrulum,

172 2261 262 2337 Quos
284 2262 371 2339 pacis
392 2263 496 2320 hostes
519 2263 626 2319 ultima
646 2263 828 2321 haec-aetas
849 2261 927 2333 tulit,

171 2346 233 2419 Qui
255 2356 342 2405 noete
363 2348 471 2419 lucem,
487 2348 574 2425 nigra
594 2355 714 2420 vertunt
736 2347 882 2419 candidis,

170 2433 214 2490 Et
234 2433 444 2507 quaestionum
464 2433 607 2491 tristitate
629 2432 773 2491 condiunt
876 2484 877 2489 ,

169 2516 272 2576 Natas
294 2518 326 2575 in
349 2536 437 2576 usum
460 2519 554 2576 sobrii
575 2518 656 2575 risus
677 2518 781 2592 dapes.

169 2603 239 2661 Hos
261 2621 318 2660 nec
341 2603 483 2661 denorum
506 2611 562 2675 est,
585 2622 641 2660 nec
661 2610 745 2660 tuum
767 2600 915 2659 refellere.

170 2687 243 2745 Tali
265 2689 352 2745 hoste
370 2688 450 2745 vieto
478 2689 546 2764 quis
567 2688 736 2763 triumphus
759 2696 789 2744 te
811 2686 933 2744 maneti

170 2774 322 2831 Luctante
345 2773 447 2829 eodem
470 2792 573 2851 pugna
593 2772 695 2851 gliscit
712 2772 817 2829 aerior.

169 2856 239 2916 Nee
254 2858 433 2934 dignitatem
453 2858 584 2915 frontem
607 2859 707 2915 ferrea
724 2857 822 2933 pudor
939 2858 1082 2935 [fr-antei]

169 2944 349 3019 Expressus
371 2951 474 3020 auget:
498 2943 665 3002 claritatem
686 2962 743 3000 nee
764 2942 847 3001 dabit

169 3029 302 3088 Extorta
324 3028 398 3087 rixis
422 3028 542 3086 veritas.
563 3030 599 3085 Iu
619 3029 724 3105 iurgiis

168 3114 293 3172 Vicisse
310 3112 401 3186 nolle,
426 3133 517 3189 quum
539 3132 643 3189 queas,
668 3114 796 3172 victoria
819 3121 874 3171 est.

173 3283 222 3341 19.
266 3282 336 3341 Non
359 3291 389 3341 te
409 3293 545 3343 vetamus
567 3284 700 3341 omnium
723 3302 779 3359 per
801 3282 908 3338 artium

168 3366 307 3445 Campos
330 3370 444 3447 vagari,
467 3376 614 3446 quatenus
635 3375 767 3425 mentem
785 3374 867 3424 tuam

168 3453 219 3511 Ad
238 3453 370 3511 clariora
388 3462 582 3532 praeparant,
604 3474 662 3511 uon
685 3458 842 3527 occupant.

168 3538 241 3597 Una
262 3541 442 3615 aucupanda
463 3531 579 3599 sit'tibi
600 3539 728 3597 seientia

168 3623 259 3681 Vitae
281 3626 437 3702 magistra,
460 3624 594 3684 veritatis
617 3623 734 3701 regula,

168 3705 255 3780 Quae
278 3710 365 3787 fingit
385 3711 500 3770 animos
523 3709 651 3768 cultibus
673 3704 849 3781 sapientiae.

837 3804 857 3861 8
867 3801 882 3833 ff
