2884 4650
559 532 710 626 *95—

220 701 321 778 Saepe
341 697 511 775 Cupidineo
530 699 655 758 ventilat
672 701 743 778 igne
762 701 854 760 faces.

175 788 218 846 ut
239 786 317 860 quod
339 802 423 842 ames
443 802 573 860 semper,
597 803 717 861 semper
737 786 819 860 quod
832 786 1087 864 scriberepossis,

220 870 379 929 Materiam
395 869 497 927 'teneri
518 869 604 928 lusor
625 870 749 928 Amoris
771 870 875 929 hebes.

176 956 245 1016 Nec
266 964 369 1013 tamen
391 953 464 1011 exili
484 972 604 1013 carmen
627 954 775 1013 deducere
796 955 850 1014 fflo

218 1041 277 1099 Est
299 1039 386 1111 satis,
409 1045 439 1096 et
458 1039 541 1098 senis
564 1041 688 1117 iungere
709 1041 840 1116 quinque
859 1039 965 1116 pedes,

175 1123 228 1184 Ne
247 1143 377 1202 regnum
398 1123 538 1196 Veneris,
557 1125 701 1200 puerique
724 1123 883 1202 Cupidinis
902 1143 988 1184 arcus

220 1208 352 1268 Carmen
373 1208 455 1266 iners
476 1208 592 1286 Elegis,
613 1227 762 1285 causaque
785 1229 863 1268 vana
886 1208 971 1268 fore't.

176 1295 337 1355 Historiae
356 1293 473 1370 patriae
494 1295 698 1353 monumentis
717 1303 802 1352 eruta
819 1294 941 1370 priscis,

222 1378 382 1439 Clarorum
401 1397 527 1438 revocas
546 1379 639 1437 fortia
658 1380 738 1451 facta
759 1379 876 1437 dueum.
966 1373 968 1378 ’

177 1465 273 1540 quue
296 1463 352 1522 tibi
375 1463 463 1521 debet
484 1464 599 1540 patriae
620 1465 701 1538 quod
722 1473 809 1542 gesta
831 1464 962 1524 Batavus

220 1549 313 1608 Nune
334 1556 428 1621 tenet,
447 1548 480 1605 in
497 1548 597 1624 patria
617 1550 668 1622 qui
688 1551 772 1626 prius
795 1549 905 1626 hospes
926 1557 997 1607 erat.

178 1634 259 1709 Quid
279 1634 410 1691 referam
431 1633 541 1708 Lyrico
561 1633 714 1692 modulata
733 1635 1012 1712 poemataplectro

219 1719 288 1778 Nec
309 1718 389 1776 male
410 1725 555 1775 tentatum
577 1708 678 1776 nobile
702 1737 822 1777 carmen
844 1719 953 1796 Epos?
994 1711 995 1714 '

178 1802 233 1863 Nil
254 1804 310 1861 tibi
330 1803 429 1861 felicis
451 1803 533 1880 genii
556 1811 661 1861 natura
681 1804 801 1881 negavit

220 1888 314 1949 Utilis
336 1887 376 1946 ad
396 1886 483 1945 nitidi
503 1888 643 1961 carminis
666 1908 756 1947 omne
778 1905 883 1965 genus.

179 1974 239 2033 His
262 1973 318 2031 tibi
335 1974 515 2051 transmissa
536 1981 584 2031 est
605 1975 671 2031 aevi
690 1993 763 2050 pars
784 1972 884 2048 prima
904 1971 1014 2044 quietis

221 2058 383 2131 Fascibus,
407 2064 437 2114 et
455 2057 612 2134 strepitum
634 2078 697 2117 non
718 2058 849 2115 faciente
869 2056 973 2134 gradu.

179 2145 219 2203 Et
236 2143 310 2200 licet
329 2143 452 2220 ingenui
472 2161 613 2202 secessus
635 2144 698 2202 otia
717 2160 867 2218 quaerens

220 2229 377 2288 Ventosae
394 2228 528 2306 fugitans
549 2228 724 2288 ambitionis
747 2246 826 2300 eras,

181 2315 226 2374 Te
244 2322 347 2373 nmen
369 2314 496 2372 accitum
515 2321 620 2373 sancta
640 2315 672 2372 iu
693 2313 823 2391 collegia
842 2311 968 2370 Petrum

224 2400 367 2476 Quinque
386 2400 433 2459 bis
457 2406 634 2457 annumerat
655 2398 747 2458 Curia
768 2416 885 2457 summa
904 2396 986 2456 viris.

180 2484 248 2544 Nec
269 2484 371 2543 minus
395 2504 531 2542 erronem
552 2484 653 2543 civilia
673 2492 773 2541 castra
794 2489 969 2557 sequentem
1077 2528 1079 2533 .

220 2570 342 2629 Aoniae
357 2578 503 2628 revocant
520 2570 559 2627 ad
580 2588 635 2628 sua
654 2569 741 2647 signa
763 2568 851 2625 deae:
952 2580 953 2585 ’

181 2653 221 2712 lat
241 2674 334 2729 quum
354 2655 483 2731 prolatis
504 2654 632 2712 redeunt
652 2654 764 2711 diludia
786 2653 888 2724 rebus,

223 2738 376 2814 Quidquid
397 2740 556 2798 innumera
573 2740 628 2796 lite
648 2758 755 2796 vacare
782 2736 904 2819 datnr[,]
974 2785 978 2793 .

182 2825 230 2882 Ad
250 2824 371 2883 Phoebi
391 2832 517 2894 secreta,
538 2824 582 2881 tui
601 2844 665 2883 non
683 2823 838 2901 transfuga
862 2822 968 2895 moris,

223 2909 264 2968 Et
285 2917 404 2968 veteres
426 2909 534 2982 cultus,
559 2918 590 2967 et
607 2917 658 2967 tua
680 2928 766 2968 sacra
786 2908 877 2967 redis.

183 2992 222 3051 Et
242 2994 315 3052 licet
342 2995 472 3053 officium
485 2994 614 3071 rigidos
630 2994 752 3053 abducit
773 2994 918 3066 inactus,

224 3078 270 3137 Te
294 3080 446 3138 tamenin
468 3078 568 3137 medio
590 3098 676 3139 mens
698 3079 849 3139 Helicone
871 3078 958 3136 locat.

182 3161 249 3221 Nec
269 3165 364 3241 pudet
383 3166 498 3243 argutis
519 3165 743 3242 Epigrammata
763 3164 866 3231 ludere
886 3162 974 3240 nugis

225 3249 310 3307 Inter
331 3249 457 3309 clamosi
474 3249 587 3325 praelia
606 3251 681 3308 dura
699 3250 770 3309 fori.

184 3332 322 3409 Denique
345 3353 436 3408 quum
458 3352 598 3411 magnum
620 3336 707 3394 virus
732 3336 775 3393 sis
797 3352 908 3391 nomen
926 3329 1062 3403 adeptus,

225 3420 323 3478 Maius
343 3420 380 3478 ab
401 3420 537 3496 exequiis
555 3420 643 3495 quale
664 3439 721 3477 nec
740 3419 820 3478 ullus
844 3416 944 3486 habet,

185 3505 280 3563 Acte
302 3504 425 3582 grandis
449 3505 548 3563 honos
570 3505 687 3564 volucri
709 3523 800 3579 super
821 3500 943 3557 aethera
962 3498 1051 3571 fama,

226 3590 266 3648 Iit
288 3608 389 3665 penna
403 3590 496 3648 fatum
516 3610 579 3649 non
599 3598 750 3648 metuente
773 3586 872 3657 vehat,

185 3672 258 3733 Non
280 3675 381 3732 minor
398 3674 522 3734 innocui
543 3675 617 3734 vitio
639 3674 815 3754 maculaque
838 3670 977 3743 carentis,

228 3758 325 3834 Quam
347 3760 546 3819 consummati
564 3758 631 3819 lans
651 3759 706 3817 tibi
728 3755 805 3815 vatis
829 3755 922 3815 adest.
