2884 4650
1521 548 1643 608 276

675 716 866 795 ζ(53)
1188 710 1396 787 Χθιζά
1439 736 1543 795 μοι
1583 710 2020 797 Ἑρμώνασσα.

669 802 834 862 Dum
877 802 1036 861 forte
1075 803 1363 863 hesterno
1404 802 1671 861 titubans
1708 802 1967 879 vestigia
2008 811 2157 880 potu

756 887 1060 947 Vestibuli
1099 888 1331 965 primas
1379 888 1567 946 induo
1613 896 1777 947 serta
1816 888 2005 961 fores,

670 971 1093 1033 Hermonassa
1138 973 1352 1050 scyphi
1395 972 1647 1049 lympha
1694 992 1795 1029 me
1839 974 2094 1051 spargit:
2143 980 2205 1030 et
2242 973 2387 1032 illas

756 1057 1008 1131 Turbat‚
1052 1076 1203 1133 quas
1241 1059 1346 1117 vix
1383 1057 1491 1115 lux
1534 1065 1839 1117 struxerat
1877 1077 2019 1131 una,
2062 1077 2293 1117 comas.

672 1140 797 1205 Sed
821 1143 1014 1220 magis
1036 1150 1209 1202 ustus
1237 1162 1396 1218 aqua
1419 1143 1614 1220 magis
1644 1144 1797 1201 arsi:
1825 1161 1967 1200 nam
1993 1145 2255 1220 scyphus
2282 1163 2364 1202 ex
2384 1146 2502 1202 hac

754 1228 987 1287 Mellito
1029 1228 1248 1287 tacitas
1291 1228 1465 1285 duxit
1507 1230 1582 1285 ab
1626 1248 1733 1287 ore
1780 1228 1967 1286 faces.

674 1397 868 1474 (0⁷24)
1171 1391 1423 1474 Φράζεό
1473 1416 1578 1476 μοι
1619 1390 2021 1477 Κλεοφάντις.

671 1482 928 1559 Aspice3
985 1480 1161 1555 quale
1206 1481 1423 1554 decus,
1472 1500 1625 1557 quae
1663 1482 1821 1554 laus,
1866 1479 2263 1557 Cleophanti‚
2310 1483 2457 1543 duo·

1984 1585 2118 1624 rum
2162 1575 2278 1640 est,

759 1649 930 1724 Quos
977 1649 1206 1725 pariter
1243 1650 1459 1727 rapido
1505 1651 1745 1709 turbine
1787 1660 1993 1709 versat
2028 1653 2238 1710 Amor.

673 1736 848 1811 Quae
890 1734 1036 1793 belli
1082 1734 1198 1807 vis,
1235 1737 1447 1809 quisve
1489 1743 1709 1808 metus,
1751 1753 1906 1810 quae
1952 1754 2135 1795 causa
2178 1737 2437 1814 pudoris

757 1818 897 1879 Hos
941 1819 1180 1877 dirimat
1225 1821 1455 1879 sanctis
1499 1821 1755 1879 nexibus
1801 1820 2165 1895 implicitos?

670 1904 909 1964 Dentur
951 1905 1153 1963 vincla
1193 1906 1363 1978 mihi,
1407 1924 1562 1981 quae
1604 1906 1863 1963 Lemnia
1900 1905 2153 1965 fabricat
2190 1910 2389 1982 incus,

756 1990 1044 2065 Quosque
1090 1991 1260 2049 vafra
1293 1991 1493 2051 nodos
1533 1990 1829 2049 Mulciber
1866 1999 1994 2049 arte
2040 1992 2213 2051 facit:

670 2074 1008 2134 Dummodo
1045 2084 1102 2133 te
1145 2076 1516 2152 amplectens
1558 2075 1813 2151 cupidis,
1860 2095 1997 2134 mea
2038 2078 2200 2150 Vita,
2248 2078 2497 2138 lacertis

756 2161 1043 2220 Perfruar
1084 2162 1148 2219 in
1186 2161 1480 2229 ¹membris
1522 2161 1742 2238 gaudia
1781 2161 1970 2239 longa
2009 2162 2150 2221 tuis.

673 2245 847 2305 Tune
889 2255 1031 2304 tunc
1067 2246 1318 2322 hospes,
1363 2254 1424 2303 et
1459 2246 1803 2323 indigenae,
1846 2246 2171 2322 fessusque
2211 2248 2438 2322 viator,

756 2333 856 2391 Me
897 2332 1165 2405 videant,
1212 2340 1272 2390 et
1310 2350 1448 2390 cum
1486 2332 1742 2410 coniuge
1784 2334 2113 2393 sacrificus.

677 2500 868 2577 (035)
1260 2492 1471 2566 Ἐξότε
1519 2519 1623 2578 μοι
1659 2497 1906 2560 πίνοντι.

670 2585 768 2642 Ex
817 2603 938 2660 quo
982 2585 1128 2644 olim
1172 2593 1396 2662 potans
1442 2604 1676 2643 mecum
1725 2593 1975 2661 potante
2014 2585 2296 2647 Chariclo

757 2669 1028 2747 Ingessit
1062 2671 1264 2729 furtim
1313 2671 1564 2747 propria
1608 2678 1772 2729 serta
1816 2672 1983 2745 mihi,

674 2751 898 2813 Totum
942 2754 1100 2831 ignis
1143 2775 1239 2814 me
1278 2763 1470 2814 exest.
1517 2756 1589 2813 In
1632 2774 1724 2828 ea,
1767 2764 1930 2831 pute,
1976 2776 2237 2833 namque
2262 2776 2500 2818 corona
2575 2809 2588 2819 .

754 2838 849 2910 Id,
892 2857 1010 2913 quo
1058 2841 1209 2898 arsit
1251 2838 1483 2899 Glauce
1525 2850 1666 2898 nata
1709 2839 2015 2914 Creontis,
2064 2850 2209 2901 erat.

677 3007 868 3083 :(56)
1220 3001 1298 3068 ‘O
1345 3004 1583 3087 θρασὺς
1627 3006 1933 3091 ὑψαύχην.

675 3091 924 3153 Cerviee
974 3090 1149 3164 elata,
1197 3099 1509 3150 contracta
1549 3093 1767 3167 fronte,
1814 3112 2082 3170 severus,

754 3177 936 3237 Nunc
981 3183 1076 3236 est
1116 3177 1373 3254 virginei
1412 3176 1646 3235 ludicra
1689 3197 1833 3236 cura
1874 3181 2012 3239 ioci.

669 3265 832 3322 Ante
873 3271 1039 3321 ratus
1085 3269 1352 3320 teneram
1390 3262 1652 3321 tumidus
1695 3263 1956 3324 laesisse
1998 3264 2286 3342 puellam,

744 3348 935 3409 -Oolla
977 3347 1169 3406 dedit:
1212 3366 1371 3405 nunc
1413 3365 1524 3423 spe
1568 3348 1788 3407 decidit
1830 3349 1968 3427 ipse
2012 3369 2142 3410 sua.

671 3431 735 3492 Is
779 3435 964 3493 modo
1003 3433 1300 3492 femineas
1345 3431 1606 3513 supplex
1641 3434 1783 3492 iacit
1824 3454 1929 3494 ore
1970 3435 2282 3512 querelasz

758 3518 874 3575 Illa
914 3539 1111 3577 mares
1159 3518 1391 3575 animus
1431 3517 1655 3575 lumine
1701 3527 1873 3578 torva
1910 3522 2082 3598 gerit.

674 3600 858 3679 Virgo
906 3603 1111 3680 fernz,
1159 3631 1247 3651 *-··-·

1287 3603 1423 3667 «riu
1463 3603 1591 3663 irae
1643 3611 1739 3663 est
1779 3606 2118 3665 iustissima
2166 3622 2413 3678 caussa,

1603 3687 1727 3747 tela
1769 3693 2108 3768 propinqua
2149 3689 2314 3747 time.
