2884 4650
636 543 695 605 163

201 706 424 809 Σονεισφέροιο
450 710 598 789 μεμπτὸν,
619 709 653 772 ἓν
672 713 747 772 τοῦτ
755 706 858 771 ἔσθ’
880 708 956 785 ἅλις,

203 792 264 859 Τὸν
288 790 377 865 ζῶντ’
401 791 451 853 ἐπὶ
473 792 552 855 πολὺ
570 792 698 858 πόλλ’
686 800 773 879 ορᾷν,
795 792 837 855 ὧν
861 793 959 857 066
921 794 959 857 66
962 796 1018 859 λει.
1048 795 1121 885 [25]

246 924 325 982 Tum
348 923 439 980 etiam
461 922 493 979 in
515 933 639 983 senecta
661 924 717 982 hcc
738 924 849 1001 deputo
871 924 1086 1003 miserrimum,

203 1007 324 1071 Sentire
344 1027 381 1066 aa
403 1015 501 1066 aetate
524 1028 594 1068 esse
615 1010 757 1069 odiosum
780 1028 814 1069 ae
838 1008 936 1068 alteri.

243 1090 338 1155 Τοῦτ’
364 1086 416 1151 οὖν
438 1089 554 1172 νομίζω
579 1090 717 1175 σχέτλιον
740 1088 907 1196 γέρρνθ’”
889 1113 935 1153 οτι

202 1172 328 1238 Σίνοιδ
349 1173 452 1258 ἑαυτῷ
472 1180 536 1242 τοῖς
553 1174 651 1243 πέλας
671 1173 858 1260 μισουμένιρ.
1049 1179 1119 1258 [25]

246 1302 343 1377 Cedo,
366 1304 417 1379 qui
439 1312 572 1363 vestram
593 1304 811 1383 rempublicam
833 1312 949 1365 tantam
970 1307 1119 1368 amisistis

812 1397 874 1447 tam
900 1392 980 1451 cito?

202 1473 427 1532 Proveniebant
447 1481 584 1533 oratores
607 1473 687 1546 novi,
708 1474 803 1547 stulti,
825 1475 1052 1535 adolescentuli.

244 1556 287 1619 A.
330 1553 403 1622 Πῶς
426 1555 463 1638 δὴ
491 1555 646 1617 πολιτείαν
667 1554 818 1639 τοσαύτην
840 1557 1012 1643 ἀπεβάλεθ’
1036 1557 1118 1622 οὕτω

202 1722 241 1788 Β.
265 1721 478 1808 Προςηλθον
457 1745 602 1809 αρρονες
611 1724 788 1809 νοοχροὶ
751 1746 843 1811 ρη
778 1643 987 1808 συίςτόνμειίίιί
974 1727 1026 1789 αι
1049 1730 1119 1807 [20]

183 1972 446 2052 ΑΝΘΟΛΟΓΙΑ
464 1970 835 2048 ΕΠΙΓΡΑΜΜΑΤΩΝ
850 1971 1144 2077 ΜΑΡΤΙΑΛΙΟΥ.

505 2123 556 2184 Ad
575 2124 813 2182 obtrectatorem.

203 2205 239 2274 ὃς
247 2208 364 2314 ιιαυχοῖ
377 2205 510 2314 γράψειν
533 2205 683 2287 βελτίονα.
706 2209 760 2287 τῆς
779 2205 833 2287 μὲν
848 2204 984 2307 ἀπειλῆς

247 2288 350 2397 ίαχρυ,
374 2287 544 2375 ἔχουδ’
526 2312 629 2373 εργου,
649 2287 854 2400 κρέσσοναδ’
878 2288 1041 2354 ἀντιδίδοο.

203 2377 280 2460 τῇδε
297 2371 411 2481 Ῥρδος
433 2373 487 2458 μέν
511 2398 570 2453 σοι,
593 2374 664 2457 ηδ’
688 2373 728 2437 αὖ
750 2375 878 2480 πήδημα
900 2375 1049 2456 γίνεσθαι.

245 2461 266 2542 ἡ
291 2459 382 2542 πείρη
403 2461 454 2524 τὸν
477 2464 547 2522 νοῦν
569 2460 679 2541 ἀνδρὸς
698 2457 804 2542 ἔλεγίε
789 2457 914 2542 εμόνιγ.

337 2571 398 2629 Ιοο.
420 2569 557 2649 Scaliger
575 2572 639 2632 Iaa
661 2569 854 2631 (lasaubonio
876 2589 932 2630 suo
955 2569 987 2633 S.

202 2652 322 2759 Μεσροί
347 2674 400 2734 μοι
421 2653 440 2735 ἢ
465 2653 607 2735 μελέταις
630 2651 858 2735 σολώρενον,
842 2676 861 2735 ιγ
884 2651 934 2714 διὰ
956 2658 1053 2737 γῆρας
1127 2693 1138 2710 .

213 2733 372 2882 ἔρέῥεΝ
355 2760 397 2798 απ
400 2736 608 2868 ’ρρῦαλρῶν
628 2759 730 2818 κωμα,
750 2733 960 2820 Κασαυβόνιε,

205 2821 1002 3013 &Ellam„6651666163&6566666666636666

203 2990 315 3054 καὶτὰ
334 2991 388 3072 μὲν
412 2991 572 3097 ἀγρυπνῶν
601 2989 653 3052 ἐπ)
673 2989 843 3073 ἀλαμπέος,
864 2989 930 3052 οἷον
953 2989 1097 3077 ἄλοχνος,

245 3074 339 3137 νύκτα
360 3073 399 3137 δι’
398 3075 575 3179 ὀρφναίην
600 3074 785 3157 ἐξεπόνησα
791 3074 913 3158 λέχους.

203 3163 264 3222 τῶν
290 3159 339 3222 δέ.
346 3158 405 3222 τιν’
427 3159 596 3244 Ἀρκτώοιν
620 3159 753 3262 γαίης
733 3181 792 3266 αγτο
817 3161 891 3241 τῆλε
913 3156 1067 3222 Βαταίων

234 3244 386 3391 κοργὰ
377 3245 443 3327 μὲν,
466 3244 522 3306 οὐκ
544 3243 670 3330 ἀτρίμιρ
692 3242 754 3307 δ’
744 3243 857 3326 ὄμματι
879 3242 956 3326 πρός
974 3264 1007 3303 σε
1028 3247 1119 3328 περᾶ.

206 3350 310 3413 φωςγ
335 3351 349 3412 ρ
375 3331 449 3413 ὁρᾷν
473 3328 509 3392 οὐ
529 3331 630 3413 τολμᾷ
654 3309 852 3413 ἀταρβήτοισι
873 3329 1054 3410 προσωπαῖς

249 3414 292 3475 ὧν
315 3414 413 3496 μήτηρ
434 3415 453 3496 ἡ
478 3413 579 3493 abest
567 3439 582 3478 ο
608 3389 714 3481 σκότος
736 3413 798 3475 ἐστὶ
820 3412 931 3492 πατήρ

205 3585 288 3656 Dum
309 3586 384 3644 mihi
403 3586 452 3645 vel
474 3589 565 3661 curia,
589 3586 677 3647 aenio
697 3586 747 3645 vel
769 3599 891 3643 somnus
914 3581 1039 3642 abactae

247 3672 357 3744 Fessa,
378 3671 560 3746 Caaauboni‚
583 3673 699 3730 lumina
717 3668 819 3728 nullus
841 3667 946 3725 habet:

207 3753 292 3828 Quae
314 3757 406 3814 didici
426 3758 556 3830 iuvenis,
574 3756 701 3815 memori
721 3758 920 3898 (γοαοιοριρίρ
943 3752 1056 3812 Latina
