2884 4650
729 557 881 650 Q

343 714 488 783 Ἂπαντα
511 725 575 788 τοῖς
596 723 734 784 καλοῖσιν
755 722 883 806 ἀνδράσι
906 720 1025 805 πρέπει.

341 799 488 869 Ἂπασαν
511 805 724 888 ἠμφιεσμένος
745 807 798 889 τὴν
820 805 937 870 οὐσίαν.

345 888 468 953 ’Amet'
491 888 594 971 ἀληθῆ
617 888 720 952 πολλὰ
744 891 904 974 συμβαίνει
925 891 1052 974 βροτοῖς.

346 972 529 1036 Ἀπύλωλεν
554 972 589 1041 ύς
609 981 672 1058 μοι,-
691 974 743 1036 καὶ
764 975 923 1051 τάλαντον,
945 975 996 1036 καί
1014 975 1121 1057 γάμος.

347 1055 588 1125 Ἀπονδάκωτος
611 1059 647 1121 ού
670 1059 990 1142 τραπεζούταικύλιξ.

355 1144 532 1210 Απώλεοας
551 1143 602 1205 τὸν
625 1142 706 1206 οἶνον
728 1142 853 1227 ἐπιχέας
876 1143 969 1226 ὕδωρ.

347 1225 524 1310 Ἀραχνίων
549 1227 672 1331 μεστῘηνΙ
683 1226 767 1312 ἔχεις
787 1229 840 1309 τὴν
862 1227 1005 1310 γαστέρα.

346 1311 459 1393 Ἀρετὴ
485 1313 615 1396 βραδεῖα
639 1334 788 1395 σύντομος
809 1313 951 1396 πονηρία.

341 1393 479 1478 Ἀρκτοο
501 1395 660 1479 παρούσης
682 1394 764 1481 ἴχνια
787 1399 887 1479 ζητεῖν,
906 1398 1016 1463 δοκεῖς.

343 1479 478 1562 ’Άρτοος
501 1480 532 1548 ἐς
556 1480 641 1542 ἴπνον
664 1483 783 1564 ψυχρὸν
806 1481 970 1566 ἐμβάλλειν
995 1481 1106 1548 δοκεῖς.

346 1563 557 1648 >Αρχαιύτερα
579 1569 632 1646 τῆς
654 1565 803 1648 διφθέρας
825 1566 897 1633 Διὸς
918 1565 1025 1647 λέγεις.

342 1649 471 1732 Ἄρχων
496 1647 590 1711 άκοοε
613 1651 664 1712 καὶ
686 1650 812 1717 δικαίως
831 1649 990 1734 κοβδίκως.

342 1733 494 1815 Ἀτηκτος
515 1732 679 1816 ἄνθρωπος
695 1736 961 1818 προσηγορήμασι.

343 1816 540 1900 Ἀτοχοῦσαν
564 1818 673 1901 ἀρετὴν
696 1824 853 1902 περιορᾷν,
874 1821 1107 1904 σχετλιώτατον.

347 1901 542 1984 Αύθαίρετος
564 1901 644 1985 λύπη
667 1901 738 1965 ’στὶν
762 1905 782 1985 ἡ
807 1903 919 1966 τέκνων
943 1904 1052 1987 σπορά.

347 1987 434 2069 Αύτη
457 2009 494 2067 γε
514 1993 655 2071 χρηστῶν
681 1987 760 2049 ἐστὶν
783 1988 903 2072 ἀνδρῶν
922 1989 942 2071 η
967 1987 1066 2056 νόσος.

347 2071 434 2154 Αύτη
459 2071 513 2152 μὲν
536 2095 556 2154 η
582 2072 730 2154 μήρινθος
753 2071 843 2134 οὐδὲν
869 2071 995 2144 ἔσπασε.

346 2155 445 2219 Αὐτοὶ
463 2157 606 2240 χελώνας
628 2153 755 2219 ἔσθεσθ’
782 2155 868 2240 οἵπερ
892 2157 1000 2220 εἵλετε.

345 2239 448 2304 Αύτὸν
471 2239 639 2324 κέκροοκας
656 2242 708 2304 τὸν
735 2242 853 2326 βατῆρα
869 2246 922 2324 τῆς
941 2241 1047 2326 θύρας.

345 2326 449 2393 Αὐτὸς
469 2323 526 2409 γὰρ
552 2323 640 2410 εὗρες
662 2330 716 2389 τού
739 2331 835 2388 κακοῦ
855 2328 907 2409 τὴν
930 2328 1046 2407 πιτράν.

254 2449 256 2457 ‹
345 2410 448 2476 Αύτὸς
468 2411 606 2492 κάμινος,
628 2410 719 2478 αὑτὸς
738 2410 862 2473 εἵλκυσε
883 2410 1003 2495 τροχύς.

344 2494 449 2561 Αὐτὸς
471 2495 623 2563 πενωθεὶς
644 2500 708 2562 τοῖς
731 2493 839 2579 ἔχουσι
862 2497 903 2579 μὴ
928 2495 1047 2579 φθίνει.

345 2577 450 2645 Αὐτός
466 2602 493 2640 τι
512 2584 563 2642 νύν
586 2582 666 2662 δρῶν
687 2580 752 2642 εἶτα
777 2580 848 2648 τοὺς
872 2580 965 2649 θεοὺς
986 2582 1083 2645 κάλει.

344 2662 545 2745 Ἀφροδίσιος
565 2664 622 2748 γὰρ
647 2664 739 2747 ὅρκος
760 2664 816 2727 οὐκ
836 2665 1023 2749 έμποίνιμος.

336 2744 461 2817 ’Βάὸιίε
481 2746 555 2831 βῆμ’
577 2750 687 2830 ἡραῖον
712 2748 973 2833 ἐμπεπλεγμένον.

344 2828 447 2894 Βάλλ’
471 2832 514 2897 εἰς
532 2829 645 2916 ἔχοντα
664 2834 717 2916 τὴν
743 2834 910 2917 ἐπιστήμην
936 2834 1039 2920 βολῆς.

344 2912 483 2998 Βέβληκ’
508 2914 675 2999 Ἀχιλλεὺς
694 2917 749 2980 δύο
773 2919 859 3005 κύβω
883 2919 934 2982 καὶ
954 2918 1092 3003 τέτταρα.

344 2997 421 3067 Βίος
442 3000 509 3083 βίον
532 2999 680 3083 δεόμενος
703 3002 760 3065 οὐκ
782 3002 845 3065 ἔστι
867 3005 941 3091 βίος.

343 3082 471 3167 Βλάβης
493 3085 640 3168 μαγείροο
664 3089 758 3163 τῖσον,
783 3088 928 3171 αὐλητὴς,
949 3088 1044 3171 δίκην.

345 3168 368 3232 Γ
372 3171 428 3252 ελᾷ
450 3168 481 3230 δ’
503 3170 519 3231 ὁ
541 3170 655 3252 μωρὸς,
676 3168 732 3253 κᾷν
756 3195 783 3234 τι
805 3173 845 3255 μὴ
868 3175 990 3254 γελοῖον
1011 3169 1043 3256 ᾖ.

344 3251 451 3321 Γέλως
476 3253 603 3336 ἄκαιρος
625 3255 722 3317 δεινὸν
746 3256 777 3318 ἐν
802 3259 922 3341 βροτοῖς
942 3256 1045 3333 κακόν.

343 3335 536 3422 Γεράνδροον
559 3340 691 3401 παλαιὸν
715 3340 751 3402 οὐ
776 3342 971 3425 μοσχεύεται.

343 3419 479 3505 Γέροντα
501 3422 532 3485 δ’
559 3422 671 3507 ὀρθοῦν
696 3427 847 3509 φλαῦρον,
869 3425 902 3494 ὃς
922 3425 992 3492 νέος
1012 3424 1105 3509 πίση.

344 3502 479 3586 Γέροντα
500 3509 595 3591 μηδὲν
618 3508 659 3593 μή
683 3531 758 3571 ποτε
779 3512 912 3594 χρηστὸν
935 3510 1026 3573 ποίει.

343 3586 479 3672 Γέροντα
499 3594 550 3655 τὸν
573 3598 657 3671 νοῦν,
680 3594 779 3676 σάρκα
800 3593 826 3658 θ’
852 3595 978 3680 ἡβῶσαν
1003 3594 1102 3680 φέρει.

343 3670 448 3757 Γέρων
472 3675 600 3760 ἀλώπηξ
622 3679 681 3763 ούχ
703 3677 861 3741 ἁλίσκεται
880 3680 975 3761 πάγη.
1048 3721 1049 3729 1

343 3754 448 3842 Γέρων
474 3759 528 3841 μὲν
549 3761 580 3822 ἐν
600 3761 701 3840 παῖσ’,
725 3762 755 3825 ἐν
780 3763 814 3825 δὲ
836 3767 900 3831 τοῖς
919 3762 1044 3848 γέρουσι
1064 3768 1145 3833 παῖς.
