2884 4650
629 506 688 567 281

490 666 530 733 ‘H
554 672 661 755 ῥαδινὴ
686 670 815 754 Μελίτη.
1020 676 1112 757 (Ul)

202 757 347 819 Nondum
370 757 461 817 etiem
483 759 561 819 senii
583 762 638 820 sub
660 762 776 832 limine,
798 761 920 836 puberis
941 763 1009 828 aevi

246 844 374 916 Interit,
391 843 505 915 Melite,
529 847 628 922 gratia
647 846 745 921 prima
765 846 818 903 tui.

202 929 349 989 Malorum
373 928 428 988 sed
450 930 547 987 adhuc
567 932 710 1008 splendet
731 930 821 989 nitor.
844 930 957 988 eminet
976 931 1051 991 illex

245 1012 300 1073 Vis
322 1013 411 1072 oculi.
435 1016 593 1075 Annorum
616 1026 663 1075 est
684 1016 738 1075 sed
755 1034 852 1090 neque
870 1035 988 1075 summa
1002 1017 1114 1075 brevis.

202 1104 301 1175 Atque
322 1098 473 1176 puellaris
490 1111 591 1159 manet
609 1102 662 1159 illa
682 1101 846 1177 protervia.
870 1100 920 1160 Ob
938 1101 1030 1173 istud,

246 1185 380 1261 Tempus
403 1193 540 1245 naturam
562 1187 683 1245 vincere
705 1204 806 1262 posse,
829 1204 919 1263 nego.

405 1378 408 1385 Δ
490 1349 638 1415 Σπεὺδων
663 1352 691 1415 εἰ
715 1350 824 1435 φιλέει.
1020 1354 1116 1431 wi)

202 1440 383 1517 Experiere,
407 1458 494 1515 quam
516 1458 563 1499 me
586 1460 645 1499 non
668 1440 802 1519 segniter
823 1439 909 1497 ardet
928 1440 1075 1511 Ereutho‚

248 1520 299 1587 Sic
317 1545 375 1603 ego
398 1544 451 1583 cor
471 1526 539 1583 ficto
564 1527 803 1601 compositisque
824 1525 901 1583 dolis

203 1610 427 1689 Adgrediebar:
450 1610 517 1687 Ego
541 1610 650 1668 dicem:
673 1611 737 1668 Iam
761 1610 872 1687 migro:
895 1629 1020 1687 peregre

247 1697 317 1755 Ibo:
339 1696 427 1767 Vale,
448 1714 483 1752 ac
504 1696 599 1753 nostri
620 1696 697 1769 vive,
721 1695 831 1771 puelle,
855 1715 977 1753 memor.

205 1783 368 1860 Ingemuit,
390 1799 488 1855 neque
511 1781 664 1851 sustinuit,
686 1781 877 1855 frontemque
898 1781 1009 1853 ierint,

248 1868 289 1925 Et
306 1868 414 1924 cirrum
433 1885 450 1922 c
471 1872 551 1924 torte
571 1864 694 1923 discidit
710 1885 811 1943 ungue
834 1884 931 1937 coma,

206 1952 248 2012 Ut
269 1969 468 2025 maneamque
490 1958 587 2027 rogat.
606 1951 712 2009 Fracto
733 1970 793 2008 non
814 1949 919 2009 tardus
945 1951 1044 2011 ocello

249 2035 390 2111 Credere,
410 2037 448 2094 do
471 2035 565 2093 victas
586 2035 715 2093 utilitate
738 2054 855 2093 manus.

207 2120 282 2182 Sum
300 2122 374 2181 felix
395 2122 465 2181 voti.
490 2119 572 2179 Nam
588 2120 672 2195 quod
694 2121 806 2180 fecisse
826 2119 966 2180 volebam

250 2208 446 2267 Officiumt
416 2214 446 2263 et
463 2224 573 2266 munus
593 2207 652 2265 hoc
674 2206 762 2280 quasi
783 2206 896 2283 grande
917 2205 994 2263 dedi.

459 2371 711 2454 Ὑπομνηστικὸν.
849 2404 853 2412 ·
951 2429 954 2433 ,
1024 2376 1119 2453 ζ(76)

460 2453 593 2519 ‘Estote
618 2457 672 2539 μὲν
694 2457 867 2540 χλοάουσα.

206 2546 268 2605 Hic
287 2565 359 2623 eger
379 2547 524 2604 umbroso
543 2564 695 2604 ramorum
716 2544 848 2621 tegmine
870 2563 1000 2606 vernans

249 2631 436 2690 Fructiferae
458 2630 573 2690 frondis
594 2630 727 2706 explicat
746 2649 834 2687 omne
850 2630 957 2690 decus.

207 2717 268 2776 Hic
291 2716 403 2794 clangit
420 2735 527 2776 versus
548 2734 760 2791 cupressorum
786 2715 865 2772 inter
884 2735 997 2793 opacos

250 2801 409 2860 Pullorum
430 2810 526 2860 mater
548 2819 638 2858 rauce
660 2799 794 2858 cohortis
821 2801 896 2859 avis.

204 2889 268 2948 Hic
289 2887 438 2965 fringultit
461 2885 609 2958 acanthis,
632 2893 662 2942 et
682 2885 732 2942 hic
749 2885 891 2944 acredula
910 2895 1035 2962 questus

250 2973 444 3052 Ingeminens
466 2973 545 3030 inter
568 2970 664 3028 densa
682 2971 789 3028 rubeta
812 2971 905 3031 sedet

206 3057 284 3132 Quis
307 3059 380 3116 mihi
399 3057 520 3116 ludus
511 3077 542 3114 m
565 3056 624 3128 his,
647 3075 714 3114 cum
737 3074 789 3114 vos
813 3057 916 3115 audire
936 3038 1096 3132 loquentes

251 3143 368 3216 Malim,
388 3162 477 3218 quam
497 3142 623 3200 Phoebo
644 3160 722 3217 quae
743 3150 834 3200 sonat
855 3143 916 3200 icta
934 3141 1061 3218 chelys?

206 3230 321 3303 Atquin
345 3247 392 3288 me
414 3228 526 3303 duplex
548 3234 670 3286 exercet
693 3245 774 3284 cura.
799 3226 908 3285 Videre

251 3312 331 3374 Nam
351 3314 434 3388 volo,
460 3331 576 3372 summe
595 3312 701 3384 virum,
722 3320 764 3385 te,
787 3312 1000 3384 Damalimque
1011 3327 1121 3382 meam,

208 3398 277 3474 Qua
302 3399 401 3458 caleor
425 3400 480 3459 sed
502 3419 550 3458 me
570 3398 644 3457 iuris
665 3397 771 3469 tutele,
792 3398 919 3472 piusque

250 3484 415 3543 Dorcalide
437 3504 456 3542 a
476 3493 582 3590 tenera
603 3491 665 3540 tam
684 3481 790 3558 procul
812 3489 895 3539 arcet
915 3480 1023 3538 honos.

458 3623 462 3630 l
542 3649 663 3732 lisopdv
649 3644 795 3729 ν”Ερως.
1027 3649 1152 3727 ζ(77)·

207 3741 261 3799 Ius
283 3717 381 3798 nescit
403 3740 554 3798 violentus
575 3742 680 3798 Amor.
703 3735 854 3794 Diduesre
875 3744 1027 3794 amentem
