<?xml version="1.0" encoding="UTF-8"?>
<!DOCTYPE html PUBLIC "-//W3C//DTD XHTML 1.0 Transitional//EN"
    "http://www.w3.org/TR/xhtml1/DTD/xhtml1-transitional.dtd">
<html xmlns="http://www.w3.org/1999/xhtml" xml:lang="en" lang="en">
 <head>
  <title>
</title>
<meta http-equiv="Content-Type" content="text/html;charset=utf-8" />
  <meta name='ocr-system' content='tesseract 3.04.00' />
  <meta name='ocr-capabilities' content='ocr_page ocr_carea ocr_par ocr_line ocrx_word'/>
</head>
<body>
  <div class='ocr_page' id='page_1' title='image "./poemataomnia00scalgoog_0300.png"; bbox 0 0 2884 4650; ppageno 0'>
   <div class='ocr_carea' id='block_1_1' title="bbox 587 572 738 665">
    <p class='ocr_par' dir='ltr' id='par_1_1' title="bbox 587 572 738 665">
     <span class='ocr_line' id='line_1_1' title="bbox 587 572 738 665; baseline 0 -35"><span class='ocrx_word' id='word_1_1' title='bbox 587 572 738 665; x_wconf 48' lang='lat' dir='ltr'>Q</span> 
     </span>
    </p>
   </div>
   <div class='ocr_carea' id='block_1_2' title="bbox 207 734 1121 1155">
    <p class='ocr_par' dir='ltr' id='par_1_2' title="bbox 207 734 1121 1155">
     <span class='ocr_line' id='line_1_2' title="bbox 487 734 1121 821; baseline 0.002 -22"><span class='ocrx_word' id='word_1_2' title='bbox 487 735 589 815; x_wconf 80' lang='grc' dir='ltr'><strong>Αἰετὲ,</strong></span> <span class='ocrx_word' id='word_1_3' title='bbox 609 736 692 799; x_wconf 82' lang='grc' dir='ltr'><strong>τίπτε</strong></span> <span class='ocrx_word' id='word_1_4' title='bbox 711 734 852 821; x_wconf 73' lang='grc' dir='ltr'><strong>βέβηκας.</strong></span> <span class='ocrx_word' id='word_1_5' title='bbox 1053 736 1121 819; x_wconf 78' lang='grc' dir='ltr'>γ32</span> 
     </span>
     <span class='ocr_line' id='line_1_3' title="bbox 209 823 982 902; baseline -0.004 -18"><span class='ocrx_word' id='word_1_6' title='bbox 209 823 303 884; x_wconf 72' lang='lat' dir='ltr'>Cuius</span> <span class='ocrx_word' id='word_1_7' title='bbox 327 842 384 902; x_wconf 79' lang='lat' dir='ltr'>age</span> <span class='ocrx_word' id='word_1_8' title='bbox 402 824 511 883; x_wconf 77' lang='lat' dir='ltr'>inuidis</span> <span class='ocrx_word' id='word_1_9' title='bbox 535 825 650 883; x_wconf 82' lang='lat' dir='ltr'>tumulo</span> <span class='ocrx_word' id='word_1_10' title='bbox 665 825 783 901; x_wconf 80' lang='lat' dir='ltr'>regina</span> <span class='ocrx_word' id='word_1_11' title='bbox 801 823 982 881; x_wconf 82' lang='lat' dir='ltr'>volantum?</span> 
     </span>
     <span class='ocr_line' id='line_1_4' title="bbox 251 908 1074 991; baseline -0.004 -22"><span class='ocrx_word' id='word_1_12' title='bbox 251 908 350 969; x_wconf 83' lang='lat' dir='ltr'>Ourve</span> <span class='ocrx_word' id='word_1_13' title='bbox 371 908 473 991; x_wconf 77' lang='lat' dir='ltr'>Deum</span> <span class='ocrx_word' id='word_1_14' title='bbox 495 918 649 968; x_wconf 75' lang='lat' dir='ltr'><strong>aeternam</strong></span> <span class='ocrx_word' id='word_1_15' title='bbox 672 909 806 985; x_wconf 79' lang='lat' dir='ltr'>suspicis</span> <span class='ocrx_word' id='word_1_16' title='bbox 828 916 912 966; x_wconf 75' lang='lat' dir='ltr'>astra</span> <span class='ocrx_word' id='word_1_17' title='bbox 930 908 1074 966; x_wconf 73' lang='lat' dir='ltr'>domum?</span> 
     </span>
     <span class='ocr_line' id='line_1_5' title="bbox 207 993 1100 1072; baseline -0.003 -17"><span class='ocrx_word' id='word_1_18' title='bbox 207 994 326 1056; x_wconf 80' lang='lat' dir='ltr'>Umbra</span> <span class='ocrx_word' id='word_1_19' title='bbox 344 994 488 1053; x_wconf 39' lang='lat' dir='ltr'>‘Platonis</span> <span class='ocrx_word' id='word_1_20' title='bbox 515 1014 585 1072; x_wconf 85' lang='lat' dir='ltr'>ego:</span> <span class='ocrx_word' id='word_1_21' title='bbox 607 996 686 1052; x_wconf 83' lang='lat' dir='ltr'>oaeli</span> <span class='ocrx_word' id='word_1_22' title='bbox 705 995 756 1051; x_wconf 78' lang='lat' dir='ltr'>hie</span> <span class='ocrx_word' id='word_1_23' title='bbox 776 993 815 1050; x_wconf 86' lang='lat' dir='ltr'>ad</span> <span class='ocrx_word' id='word_1_24' title='bbox 836 993 950 1068; x_wconf 81' lang='lat' dir='ltr'>templa</span> <span class='ocrx_word' id='word_1_25' title='bbox 970 993 1100 1052; x_wconf 81' lang='lat' dir='ltr'>volavit:</span> 
     </span>
     <span class='ocr_line' id='line_1_6' title="bbox 253 1078 916 1155; baseline -0.003 -18"><span class='ocrx_word' id='word_1_26' title='bbox 253 1078 421 1137; x_wconf 86' lang='lat' dir='ltr'>Terrenum</span> <span class='ocrx_word' id='word_1_27' title='bbox 442 1079 531 1139; x_wconf 77' lang='lat' dir='ltr'>tellus</span> <span class='ocrx_word' id='word_1_28' title='bbox 554 1080 657 1139; x_wconf 87' lang='lat' dir='ltr'>Attioa</span> <span class='ocrx_word' id='word_1_29' title='bbox 678 1096 791 1155; x_wconf 77' lang='lat' dir='ltr'>corpus</span> <span class='ocrx_word' id='word_1_30' title='bbox 815 1078 916 1135; x_wconf 78' lang='lat' dir='ltr'>habet.</span> 
     </span>
    </p>
   </div>
   <div class='ocr_carea' id='block_1_3' title="bbox 209 1242 1122 1665">
    <p class='ocr_par' dir='ltr' id='par_1_3' title="bbox 209 1242 1122 1665">
     <span class='ocr_line' id='line_1_7' title="bbox 454 1242 1122 1328; baseline -0.003 -22"><span class='ocrx_word' id='word_1_31' title='bbox 454 1242 516 1306; x_wconf 83' lang='grc' dir='ltr'>Καὶ</span> <span class='ocrx_word' id='word_1_32' title='bbox 536 1250 612 1318; x_wconf 75' lang='grc' dir='ltr'>πῶς,</span> <span class='ocrx_word' id='word_1_33' title='bbox 635 1245 663 1307; x_wconf 80' lang='lat' dir='ltr'>el</span> <span class='ocrx_word' id='word_1_34' title='bbox 686 1244 728 1326; x_wconf 85' lang='grc' dir='ltr'>μὴ</span> <span class='ocrx_word' id='word_1_35' title='bbox 753 1244 880 1328; x_wconf 81' lang='grc' dir='ltr'><strong>Φοῖβος.</strong></span> <span class='ocrx_word' id='word_1_36' title='bbox 1054 1248 1122 1324; x_wconf 72' lang='grc' dir='ltr'>γ32</span> 
     </span>
     <span class='ocr_line' id='line_1_8' title="bbox 209 1332 1075 1407; baseline -0.003 -15"><span class='ocrx_word' id='word_1_37' title='bbox 209 1332 252 1392; x_wconf 88' lang='lat' dir='ltr'>Ni</span> <span class='ocrx_word' id='word_1_38' title='bbox 273 1333 363 1391; x_wconf 84' lang='lat' dir='ltr'>Plato</span> <span class='ocrx_word' id='word_1_39' title='bbox 387 1333 424 1389; x_wconf 87' lang='lat' dir='ltr'>de</span> <span class='ocrx_word' id='word_1_40' title='bbox 443 1333 567 1391; x_wconf 85' lang='lat' dir='ltr'>Phoebo</span> <span class='ocrx_word' id='word_1_41' title='bbox 590 1332 717 1392; x_wconf 79' lang='lat' dir='ltr'>Graecis</span> <span class='ocrx_word' id='word_1_42' title='bbox 741 1332 820 1390; x_wconf 88' lang='lat' dir='ltr'>foret</span> <span class='ocrx_word' id='word_1_43' title='bbox 843 1333 953 1405; x_wconf 87' lang='lat' dir='ltr'>editus,</span> <span class='ocrx_word' id='word_1_44' title='bbox 973 1333 1075 1407; x_wconf 82' lang='lat' dir='ltr'>ecquis</span> 
     </span>
     <span class='ocr_line' id='line_1_9' title="bbox 254 1416 923 1491; baseline -0.001 -16"><span class='ocrx_word' id='word_1_45' title='bbox 254 1416 312 1491; x_wconf 79' lang='lat' dir='ltr'>Qui</span> <span class='ocrx_word' id='word_1_46' title='bbox 334 1418 456 1477; x_wconf 86' lang='lat' dir='ltr'>morbos</span> <span class='ocrx_word' id='word_1_47' title='bbox 476 1420 585 1477; x_wconf 85' lang='lat' dir='ltr'>animis</span> <span class='ocrx_word' id='word_1_48' title='bbox 607 1427 671 1475; x_wconf 82' lang='lat' dir='ltr'>arte</span> <span class='ocrx_word' id='word_1_49' title='bbox 691 1418 818 1490; x_wconf 82' lang='lat' dir='ltr'>levaret,</span> <span class='ocrx_word' id='word_1_50' title='bbox 839 1417 923 1475; x_wconf 82' lang='lat' dir='ltr'>erat?</span> 
     </span>
     <span class='ocr_line' id='line_1_10' title="bbox 209 1494 1066 1579; baseline -0.001 -17"><span class='ocrx_word' id='word_1_51' title='bbox 209 1502 293 1562; x_wconf 87' lang='lat' dir='ltr'>Nam</span> <span class='ocrx_word' id='word_1_52' title='bbox 315 1503 407 1561; x_wconf 83' lang='lat' dir='ltr'>veluti</span> <span class='ocrx_word' id='word_1_53' title='bbox 427 1505 547 1561; x_wconf 84' lang='lat' dir='ltr'>morbos</span> <span class='ocrx_word' id='word_1_54' title='bbox 570 1494 655 1562; x_wconf 77' lang='lat' dir='ltr'>uatus</span> <span class='ocrx_word' id='word_1_55' title='bbox 678 1504 734 1560; x_wconf 87' lang='lat' dir='ltr'>hoo</span> <span class='ocrx_word' id='word_1_56' title='bbox 755 1503 937 1579; x_wconf 78' lang='lat' dir='ltr'>Aesolapius</span> <span class='ocrx_word' id='word_1_57' title='bbox 959 1520 1066 1561; x_wconf 81' lang='lat' dir='ltr'>omnes</span> 
     </span>
     <span class='ocr_line' id='line_1_11' title="bbox 254 1586 960 1665; baseline -0.001 -18"><span class='ocrx_word' id='word_1_58' title='bbox 254 1586 442 1665; x_wconf 83' lang='lat' dir='ltr'>Corporeos,</span> <span class='ocrx_word' id='word_1_59' title='bbox 464 1590 585 1647; x_wconf 85' lang='lat' dir='ltr'>animae</span> <span class='ocrx_word' id='word_1_60' title='bbox 604 1590 648 1647; x_wconf 81' lang='lat' dir='ltr'>sio</span> <span class='ocrx_word' id='word_1_61' title='bbox 669 1588 753 1646; x_wconf 84' lang='lat' dir='ltr'>levat</span> <span class='ocrx_word' id='word_1_62' title='bbox 773 1589 842 1663; x_wconf 81' lang='lat' dir='ltr'>ipse</span> <span class='ocrx_word' id='word_1_63' title='bbox 862 1588 960 1646; x_wconf 80' lang='lat' dir='ltr'>Plato.</span> 
     </span>
    </p>
   </div>
   <div class='ocr_carea' id='block_1_4' title="bbox 434 1752 1122 1839">
    <p class='ocr_par' dir='ltr' id='par_1_4' title="bbox 434 1752 1122 1839">
     <span class='ocr_line' id='line_1_12' title="bbox 434 1752 1122 1839; baseline -0.003 -22"><span class='ocrx_word' id='word_1_64' title='bbox 434 1762 437 1770; x_wconf 84' lang='grc'><strong>’</strong></span> <span class='ocrx_word' id='word_1_65' title='bbox 469 1754 587 1839; x_wconf 81' lang='grc' dir='ltr'><strong>Φοῖβος</strong></span> <span class='ocrx_word' id='word_1_66' title='bbox 610 1752 706 1835; x_wconf 78' lang='grc' dir='ltr'><strong>ἔφυσε</strong></span> <span class='ocrx_word' id='word_1_67' title='bbox 732 1754 861 1837; x_wconf 82' lang='grc' dir='ltr'><strong>βροτοῖς.</strong></span> <span class='ocrx_word' id='word_1_68' title='bbox 900 1797 905 1804; x_wconf 93' lang='grc'>-</span> <span class='ocrx_word' id='word_1_69' title='bbox 1054 1757 1122 1835; x_wconf 80' lang='grc' dir='ltr'>γ32</span> 
     </span>
    </p>
   </div>
   <div class='ocr_carea' id='block_1_5' title="bbox 96 1840 1101 1917">
    <p class='ocr_par' dir='ltr' id='par_1_5' title="bbox 96 1840 1101 1917">
     <span class='ocr_line' id='line_1_13' title="bbox 96 1840 1101 1917; baseline 0 -17"><span class='ocrx_word' id='word_1_70' title='bbox 96 1853 97 1857; x_wconf 77' lang='grc'>’</span> <span class='ocrx_word' id='word_1_71' title='bbox 211 1842 269 1901; x_wconf 82' lang='lat' dir='ltr'>Est</span> <span class='ocrx_word' id='word_1_72' title='bbox 290 1842 378 1901; x_wconf 87' lang='lat' dir='ltr'>Plato</span> <span class='ocrx_word' id='word_1_73' title='bbox 402 1844 438 1901; x_wconf 88' lang='lat' dir='ltr'>de</span> <span class='ocrx_word' id='word_1_74' title='bbox 449 1843 573 1901; x_wconf 85' lang='lat' dir='ltr'>Phoebo</span> <span class='ocrx_word' id='word_1_75' title='bbox 595 1850 692 1914; x_wconf 81' lang='lat' dir='ltr'>sotus,</span> <span class='ocrx_word' id='word_1_76' title='bbox 717 1849 765 1899; x_wconf 85' lang='lat' dir='ltr'>est</span> <span class='ocrx_word' id='word_1_77' title='bbox 781 1840 975 1917; x_wconf 80' lang='lat' dir='ltr'>Aesolapios,</span> <span class='ocrx_word' id='word_1_78' title='bbox 997 1843 1101 1901; x_wconf 79' lang='lat' dir='ltr'>ambo:</span> 
     </span>
    </p>
   </div>
   <div class='ocr_carea' id='block_1_6' title="bbox 213 1925 1077 2175">
    <p class='ocr_par' dir='ltr' id='par_1_6' title="bbox 213 1925 1077 2175">
     <span class='ocr_line' id='line_1_14' title="bbox 256 1925 997 2002; baseline -0.003 -17"><span class='ocrx_word' id='word_1_79' title='bbox 256 1927 317 1985; x_wconf 85' lang='lat' dir='ltr'>Hic</span> <span class='ocrx_word' id='word_1_80' title='bbox 339 1929 433 1987; x_wconf 81' lang='lat' dir='ltr'>animi</span> <span class='ocrx_word' id='word_1_81' title='bbox 455 1936 489 1986; x_wconf 85' lang='lat' dir='ltr'>ut</span> <span class='ocrx_word' id='word_1_82' title='bbox 509 1928 656 1999; x_wconf 81' lang='lat' dir='ltr'>medicus,</span> <span class='ocrx_word' id='word_1_83' title='bbox 678 1926 813 2002; x_wconf 80' lang='lat' dir='ltr'>eorporis</span> <span class='ocrx_word' id='word_1_84' title='bbox 835 1925 888 1982; x_wconf 87' lang='lat' dir='ltr'>ille</span> <span class='ocrx_word' id='word_1_85' title='bbox 908 1926 997 1983; x_wconf 84' lang='lat' dir='ltr'>foret.</span> 
     </span>
     <span class='ocr_line' id='line_1_15' title="bbox 213 2011 1077 2089; baseline -0.003 -18"><span class='ocrx_word' id='word_1_86' title='bbox 213 2011 401 2071; x_wconf 70' lang='lat' dir='ltr'>connubiale</span> <span class='ocrx_word' id='word_1_87' title='bbox 422 2014 543 2089; x_wconf 85' lang='lat' dir='ltr'>epulum</span> <span class='ocrx_word' id='word_1_88' title='bbox 566 2013 724 2071; x_wconf 85' lang='lat' dir='ltr'>celebrans</span> <span class='ocrx_word' id='word_1_89' title='bbox 747 2011 887 2087; x_wconf 82' lang='lat' dir='ltr'>migravit</span> <span class='ocrx_word' id='word_1_90' title='bbox 908 2011 940 2067; x_wconf 90' lang='lat' dir='ltr'>in</span> <span class='ocrx_word' id='word_1_91' title='bbox 961 2011 1077 2082; x_wconf 87' lang='lat' dir='ltr'>urbem,</span> 
     </span>
     <span class='ocr_line' id='line_1_16' title="bbox 257 2095 973 2175; baseline -0.003 -20"><span class='ocrx_word' id='word_1_92' title='bbox 257 2096 353 2171; x_wconf 79' lang='lat' dir='ltr'>Quam</span> <span class='ocrx_word' id='word_1_93' title='bbox 373 2099 460 2157; x_wconf 81' lang='lat' dir='ltr'>Iovis</span> <span class='ocrx_word' id='word_1_94' title='bbox 482 2099 514 2155; x_wconf 91' lang='lat' dir='ltr'>in</span> <span class='ocrx_word' id='word_1_95' title='bbox 535 2099 635 2175; x_wconf 86' lang='lat' dir='ltr'>patria</span> <span class='ocrx_word' id='word_1_96' title='bbox 659 2096 791 2155; x_wconf 84' lang='lat' dir='ltr'>condidit</span> <span class='ocrx_word' id='word_1_97' title='bbox 811 2095 879 2172; x_wconf 86' lang='lat' dir='ltr'>ipse</span> <span class='ocrx_word' id='word_1_98' title='bbox 905 2095 973 2154; x_wconf 79' lang='lat' dir='ltr'>sibi.</span> 
     </span>
    </p>
   </div>
   <div class='ocr_carea' id='block_1_7' title="bbox 159 2260 1124 3025">
    <p class='ocr_par' dir='ltr' id='par_1_7' title="bbox 470 2260 1124 2347">
     <span class='ocr_line' id='line_1_17' title="bbox 470 2260 1124 2347; baseline -0.012 -19"><span class='ocrx_word' id='word_1_99' title='bbox 470 2262 582 2347; x_wconf 80' lang='grc' dir='ltr'>Θαῦμα</span> <span class='ocrx_word' id='word_1_100' title='bbox 604 2263 713 2347; x_wconf 82' lang='grc' dir='ltr'><strong>τέχνης</strong></span> <span class='ocrx_word' id='word_1_101' title='bbox 736 2261 860 2345; x_wconf 81' lang='grc' dir='ltr'><strong>ταύρου.</strong></span> <span class='ocrx_word' id='word_1_102' title='bbox 1077 2260 1124 2321; x_wconf 76' lang='grc' dir='ltr'>δβ</span> 
     </span>
    </p>

    <p class='ocr_par' dir='ltr' id='par_1_8' title="bbox 211 2350 974 2430">
     <span class='ocr_line' id='line_1_18' title="bbox 211 2350 974 2430; baseline -0.007 -18"><span class='ocrx_word' id='word_1_103' title='bbox 211 2353 296 2412; x_wconf 88' lang='lat' dir='ltr'>Artis</span> <span class='ocrx_word' id='word_1_104' title='bbox 318 2373 396 2429; x_wconf 85' lang='lat' dir='ltr'>opus</span> <span class='ocrx_word' id='word_1_105' title='bbox 418 2356 512 2413; x_wconf 86' lang='lat' dir='ltr'>mirae</span> <span class='ocrx_word' id='word_1_106' title='bbox 536 2355 655 2430; x_wconf 80' lang='lat' dir='ltr'>species</span> <span class='ocrx_word' id='word_1_107' title='bbox 680 2353 818 2427; x_wconf 89' lang='lat' dir='ltr'>taurique</span> <span class='ocrx_word' id='word_1_108' title='bbox 839 2350 974 2426; x_wconf 82' lang='lat' dir='ltr'>virique;</span> 
     </span>
    </p>

    <p class='ocr_par' dir='ltr' id='par_1_9' title="bbox 211 2435 1040 2598">
     <span class='ocr_line' id='line_1_19' title="bbox 255 2435 1040 2512; baseline -0.008 -16"><span class='ocrx_word' id='word_1_109' title='bbox 255 2437 310 2496; x_wconf 87' lang='lat' dir='ltr'>Vir</span> <span class='ocrx_word' id='word_1_110' title='bbox 329 2446 457 2512; x_wconf 87' lang='lat' dir='ltr'>taurum,</span> <span class='ocrx_word' id='word_1_111' title='bbox 478 2439 606 2497; x_wconf 78' lang='lat' dir='ltr'>tendens</span> <span class='ocrx_word' id='word_1_112' title='bbox 627 2439 764 2495; x_wconf 80' lang='lat' dir='ltr'>membra</span> <span class='ocrx_word' id='word_1_113' title='bbox 782 2435 899 2508; x_wconf 87' lang='lat' dir='ltr'>labore,</span> <span class='ocrx_word' id='word_1_114' title='bbox 920 2435 1040 2512; x_wconf 81' lang='lat' dir='ltr'>premit,</span> 
     </span>
     <span class='ocr_line' id='line_1_20' title="bbox 211 2521 966 2598; baseline -0.001 -19"><span class='ocrx_word' id='word_1_115' title='bbox 211 2521 331 2580; x_wconf 88' lang='lat' dir='ltr'>Inflexa</span> <span class='ocrx_word' id='word_1_116' title='bbox 350 2525 477 2596; x_wconf 84' lang='lat' dir='ltr'>cervice,</span> <span class='ocrx_word' id='word_1_117' title='bbox 500 2535 651 2598; x_wconf 84' lang='lat' dir='ltr'>manuque</span> <span class='ocrx_word' id='word_1_118' title='bbox 670 2523 803 2581; x_wconf 88' lang='lat' dir='ltr'>obnixus</span> <span class='ocrx_word' id='word_1_119' title='bbox 825 2529 966 2596; x_wconf 81' lang='lat' dir='ltr'>utraque3</span> 
     </span>
    </p>

    <p class='ocr_par' dir='ltr' id='par_1_10' title="bbox 210 2607 1105 2770">
     <span class='ocr_line' id='line_1_21' title="bbox 255 2607 895 2683; baseline -0.002 -18"><span class='ocrx_word' id='word_1_120' title='bbox 255 2607 324 2665; x_wconf 82' lang='lat' dir='ltr'>Hae</span> <span class='ocrx_word' id='word_1_121' title='bbox 345 2627 446 2681; x_wconf 85' lang='lat' dir='ltr'>nares,</span> <span class='ocrx_word' id='word_1_122' title='bbox 467 2609 522 2666; x_wconf 85' lang='lat' dir='ltr'>illa</span> <span class='ocrx_word' id='word_1_123' title='bbox 542 2627 654 2666; x_wconf 84' lang='lat' dir='ltr'>cornua</span> <span class='ocrx_word' id='word_1_124' title='bbox 673 2625 782 2683; x_wconf 77' lang='lat' dir='ltr'>pressa</span> <span class='ocrx_word' id='word_1_125' title='bbox 803 2614 895 2664; x_wconf 88' lang='lat' dir='ltr'>tenet.</span> 
     </span>
     <span class='ocr_line' id='line_1_22' title="bbox 210 2691 1105 2770; baseline -0.004 -19"><span class='ocrx_word' id='word_1_126' title='bbox 210 2694 337 2768; x_wconf 88' lang='lat' dir='ltr'>Iamque</span> <span class='ocrx_word' id='word_1_127' title='bbox 355 2694 448 2770; x_wconf 83' lang='lat' dir='ltr'>pedes</span> <span class='ocrx_word' id='word_1_128' title='bbox 472 2694 624 2752; x_wconf 83' lang='lat' dir='ltr'>labefecit.</span> <span class='ocrx_word' id='word_1_129' title='bbox 646 2697 687 2750; x_wconf 89' lang='lat' dir='ltr'>At</span> <span class='ocrx_word' id='word_1_130' title='bbox 706 2693 782 2749; x_wconf 83' lang='lat' dir='ltr'>haee</span> <span class='ocrx_word' id='word_1_131' title='bbox 802 2692 832 2747; x_wconf 90' lang='lat' dir='ltr'>vi</span> <span class='ocrx_word' id='word_1_132' title='bbox 853 2692 933 2748; x_wconf 80' lang='lat' dir='ltr'>vieta</span> <span class='ocrx_word' id='word_1_133' title='bbox 948 2691 1105 2748; x_wconf 82' lang='lat' dir='ltr'>domantur</span> 
     </span>
    </p>

    <p class='ocr_par' dir='ltr' id='par_1_11' title="bbox 159 2776 1053 3025">
     <span class='ocr_line' id='line_1_23' title="bbox 255 2776 821 2855; baseline -0.009 -16"><span class='ocrx_word' id='word_1_134' title='bbox 255 2776 400 2855; x_wconf 86' lang='lat' dir='ltr'>Sublapsi</span> <span class='ocrx_word' id='word_1_135' title='bbox 419 2785 500 2838; x_wconf 85' lang='lat' dir='ltr'>retro</span> <span class='ocrx_word' id='word_1_136' title='bbox 522 2779 603 2837; x_wconf 87' lang='lat' dir='ltr'>oolla</span> <span class='ocrx_word' id='word_1_137' title='bbox 623 2779 734 2854; x_wconf 82' lang='lat' dir='ltr'>supina</span> <span class='ocrx_word' id='word_1_138' title='bbox 754 2777 821 2834; x_wconf 89' lang='lat' dir='ltr'>feri.</span> 
     </span>
     <span class='ocr_line' id='line_1_24' title="bbox 159 2861 1053 2940; baseline -0.009 -14"><span class='ocrx_word' id='word_1_139' title='bbox 159 2877 162 2884; x_wconf 85' lang='grc'><strong>’</strong></span> <span class='ocrx_word' id='word_1_140' title='bbox 202 2861 336 2938; x_wconf 81' lang='lat' dir='ltr'>Siquid</span> <span class='ocrx_word' id='word_1_141' title='bbox 357 2865 534 2922; x_wconf 83' lang='lat' dir='ltr'>ooniioimus</span> <span class='ocrx_word' id='word_1_142' title='bbox 557 2864 656 2940; x_wconf 82' lang='lat' dir='ltr'>(tanta</span> <span class='ocrx_word' id='word_1_143' title='bbox 676 2870 723 2922; x_wconf 81' lang='lat' dir='ltr'>est</span> <span class='ocrx_word' id='word_1_144' title='bbox 746 2862 793 2920; x_wconf 84' lang='lat' dir='ltr'>vis</span> <span class='ocrx_word' id='word_1_145' title='bbox 815 2862 904 2938; x_wconf 82' lang='lat' dir='ltr'>artie)</span> <span class='ocrx_word' id='word_1_146' title='bbox 927 2861 1053 2920; x_wconf 83' lang='lat' dir='ltr'>anhelus</span> 
     </span>
     <span class='ocr_line' id='line_1_25' title="bbox 161 2948 902 3025; baseline 0 -19"><span class='ocrx_word' id='word_1_147' title='bbox 161 2993 163 2997; x_wconf 80' lang='grc'>.</span> <span class='ocrx_word' id='word_1_148' title='bbox 254 2949 310 3006; x_wconf 92' lang='lat' dir='ltr'>Vir</span> <span class='ocrx_word' id='word_1_149' title='bbox 335 2949 442 3008; x_wconf 85' lang='lat' dir='ltr'>sudore</span> <span class='ocrx_word' id='word_1_150' title='bbox 464 2951 541 3022; x_wconf 89' lang='lat' dir='ltr'>fluit,</span> <span class='ocrx_word' id='word_1_151' title='bbox 565 2949 661 3025; x_wconf 84' lang='lat' dir='ltr'>spirat</span> <span class='ocrx_word' id='word_1_152' title='bbox 682 2949 714 3006; x_wconf 90' lang='lat' dir='ltr'>in</span> <span class='ocrx_word' id='word_1_153' title='bbox 737 2967 809 3005; x_wconf 85' lang='lat' dir='ltr'>aere</span> <span class='ocrx_word' id='word_1_154' title='bbox 828 2948 902 3006; x_wconf 87' lang='lat' dir='ltr'>fera.</span> 
     </span>
    </p>
   </div>
   <div class='ocr_carea' id='block_1_8' title="bbox 172 3111 1124 3534">
    <p class='ocr_par' dir='ltr' id='par_1_12' title="bbox 478 3111 1123 3198">
     <span class='ocr_line' id='line_1_26' title="bbox 478 3111 1123 3198; baseline -0.008 -22"><span class='ocrx_word' id='word_1_155' title='bbox 478 3111 556 3198; x_wconf 83' lang='grc' dir='ltr'>Χείρ</span> <span class='ocrx_word' id='word_1_156' title='bbox 581 3135 618 3194; x_wconf 82' lang='grc' dir='ltr'>με</span> <span class='ocrx_word' id='word_1_157' title='bbox 641 3112 861 3176; x_wconf 81' lang='grc' dir='ltr'><strong>Πολυκλείτου.</strong></span> <span class='ocrx_word' id='word_1_158' title='bbox 1075 3111 1123 3171; x_wconf 79' lang='grc' dir='ltr'>ὃὸ</span> 
     </span>
    </p>

    <p class='ocr_par' dir='ltr' id='par_1_13' title="bbox 172 3199 1124 3362">
     <span class='ocr_line' id='line_1_27' title="bbox 172 3199 1124 3280; baseline -0.008 -18"><span class='ocrx_word' id='word_1_159' title='bbox 172 3271 174 3276; x_wconf 15' lang='lat' dir='ltr'>y</span> <span class='ocrx_word' id='word_1_160' title='bbox 212 3199 395 3262; x_wconf 78' lang='lat' dir='ltr'>Salmoneus</span> <span class='ocrx_word' id='word_1_161' title='bbox 410 3221 467 3280; x_wconf 86' lang='lat' dir='ltr'>ego</span> <span class='ocrx_word' id='word_1_162' title='bbox 479 3222 556 3275; x_wconf 89' lang='lat' dir='ltr'>sum,</span> <span class='ocrx_word' id='word_1_163' title='bbox 565 3201 744 3278; x_wconf 75' lang='lat' dir='ltr'>Polycleteo</span> <span class='ocrx_word' id='word_1_164' title='bbox 758 3221 848 3278; x_wconf 79' lang='lat' dir='ltr'>opus:</span> <span class='ocrx_word' id='word_1_165' title='bbox 862 3199 914 3258; x_wconf 92' lang='lat' dir='ltr'>ille</span> <span class='ocrx_word' id='word_1_166' title='bbox 930 3220 987 3278; x_wconf 88' lang='lat' dir='ltr'>ego</span> <span class='ocrx_word' id='word_1_167' title='bbox 998 3216 1124 3275; x_wconf 80' lang='lat' dir='ltr'>magnus</span> 
     </span>
     <span class='ocr_line' id='line_1_28' title="bbox 255 3285 908 3362; baseline -0.006 -16"><span class='ocrx_word' id='word_1_168' title='bbox 255 3285 445 3361; x_wconf 79' lang='lat' dir='ltr'>Salmoneus,</span> <span class='ocrx_word' id='word_1_169' title='bbox 467 3288 537 3346; x_wconf 86' lang='lat' dir='ltr'>telis</span> <span class='ocrx_word' id='word_1_170' title='bbox 563 3288 613 3362; x_wconf 91' lang='lat' dir='ltr'>qui</span> <span class='ocrx_word' id='word_1_171' title='bbox 632 3287 715 3346; x_wconf 77' lang='lat' dir='ltr'>Iovis</span> <span class='ocrx_word' id='word_1_172' title='bbox 741 3286 908 3362; x_wconf 85' lang='lat' dir='ltr'>obstrepui,</span> 
     </span>
    </p>

    <p class='ocr_par' dir='ltr' id='par_1_14' title="bbox 211 3370 1023 3534">
     <span class='ocr_line' id='line_1_29' title="bbox 211 3370 1023 3448; baseline -0.005 -18"><span class='ocrx_word' id='word_1_173' title='bbox 211 3370 331 3430; x_wconf 81' lang='lat' dir='ltr'>Rursus</span> <span class='ocrx_word' id='word_1_174' title='bbox 356 3375 434 3448; x_wconf 87' lang='lat' dir='ltr'>apud</span> <span class='ocrx_word' id='word_1_175' title='bbox 456 3391 562 3432; x_wconf 81' lang='lat' dir='ltr'>manee</span> <span class='ocrx_word' id='word_1_176' title='bbox 584 3391 691 3432; x_wconf 88' lang='lat' dir='ltr'>vexor.</span> <span class='ocrx_word' id='word_1_177' title='bbox 708 3379 880 3444; x_wconf 86' lang='lat' dir='ltr'>mutamque</span> <span class='ocrx_word' id='word_1_178' title='bbox 896 3385 1023 3446; x_wconf 80' lang='lat' dir='ltr'>perosus</span> 
     </span>
     <span class='ocr_line' id='line_1_30' title="bbox 252 3455 913 3534; baseline -0.006 -19"><span class='ocrx_word' id='word_1_179' title='bbox 252 3455 404 3530; x_wconf 81' lang='lat' dir='ltr'>Formam,</span> <span class='ocrx_word' id='word_1_180' title='bbox 424 3458 567 3516; x_wconf 79' lang='lat' dir='ltr'>fulmineo</span> <span class='ocrx_word' id='word_1_181' title='bbox 588 3458 714 3523; x_wconf 80' lang='lat' dir='ltr'>caelitus</span> <span class='ocrx_word' id='word_1_182' title='bbox 735 3457 806 3534; x_wconf 87' lang='lat' dir='ltr'>igne</span> <span class='ocrx_word' id='word_1_183' title='bbox 827 3455 913 3531; x_wconf 85' lang='lat' dir='ltr'>petit.</span> 
     </span>
    </p>
   </div>
   <div class='ocr_carea' id='block_1_9' title="bbox 210 3537 1247 3619">
    <p class='ocr_par' dir='ltr' id='par_1_15' title="bbox 210 3537 1247 3619">
     <span class='ocr_line' id='line_1_31' title="bbox 210 3537 1247 3619; baseline -0.003 -22"><span class='ocrx_word' id='word_1_184' title='bbox 210 3539 316 3615; x_wconf 78' lang='lat' dir='ltr'>Parce,</span> <span class='ocrx_word' id='word_1_185' title='bbox 330 3543 451 3616; x_wconf 78' lang='lat' dir='ltr'>animis,</span> <span class='ocrx_word' id='word_1_186' title='bbox 473 3543 587 3602; x_wconf 84' lang='lat' dir='ltr'>fulmen</span> <span class='ocrx_word' id='word_1_187' title='bbox 610 3562 714 3619; x_wconf 85' lang='lat' dir='ltr'>preme</span> <span class='ocrx_word' id='word_1_188' title='bbox 731 3541 878 3618; x_wconf 88' lang='lat' dir='ltr'>Iuppiter,</span> <span class='ocrx_word' id='word_1_189' title='bbox 901 3557 940 3594; x_wconf 88' lang='lat' dir='ltr'>en</span> <span class='ocrx_word' id='word_1_190' title='bbox 958 3555 1015 3614; x_wconf 83' lang='lat' dir='ltr'>ego</span> <span class='ocrx_word' id='word_1_191' title='bbox 1033 3537 1126 3595; x_wconf 81' lang='lat' dir='ltr'>inane</span> <span class='ocrx_word' id='word_1_192' title='bbox 1234 3569 1247 3606; x_wconf 61' lang='lat' dir='ltr'>f,</span> 
     </span>
    </p>
   </div>
   <div class='ocr_carea' id='block_1_10' title="bbox 255 3622 1000 3704">
    <p class='ocr_par' dir='ltr' id='par_1_16' title="bbox 255 3622 1000 3704">
     <span class='ocr_line' id='line_1_32' title="bbox 255 3622 1000 3704; baseline -0.008 -18"><span class='ocrx_word' id='word_1_193' title='bbox 255 3624 393 3704; x_wconf 84' lang='lat' dir='ltr'>Signum,</span> <span class='ocrx_word' id='word_1_194' title='bbox 417 3647 483 3686; x_wconf 87' lang='lat' dir='ltr'>oum</span> <span class='ocrx_word' id='word_1_195' title='bbox 505 3638 588 3687; x_wconf 87' lang='lat' dir='ltr'>muto</span> <span class='ocrx_word' id='word_1_196' title='bbox 612 3629 694 3686; x_wconf 84' lang='lat' dir='ltr'>bella</span> <span class='ocrx_word' id='word_1_197' title='bbox 715 3627 786 3701; x_wconf 88' lang='lat' dir='ltr'>quid</span> <span class='ocrx_word' id='word_1_198' title='bbox 808 3643 877 3681; x_wconf 87' lang='lat' dir='ltr'>aere</span> <span class='ocrx_word' id='word_1_199' title='bbox 900 3622 1000 3700; x_wconf 70' lang='lat' dir='ltr'>geris?</span> 
     </span>
    </p>
   </div>
   <div class='ocr_carea' id='block_1_11' title="bbox 0 0 1451 4650">
    <p class='ocr_par' dir='ltr' id='par_1_17' title="bbox 0 0 1451 4650">
     <span class='ocr_line' id='line_1_33' title="bbox 0 0 1451 4650; baseline 0 0"><span class='ocrx_word' id='word_1_200' title='bbox 0 0 1451 4650; x_wconf 95' lang='lat' dir='ltr'> </span> 
     </span>
    </p>
   </div>
  </div>
 </body>
</html>
