2884 4650
573 539 724 634 Q

192 703 277 778 Quae
298 724 390 781 saepe
414 707 593 766 solabuntur
615 710 771 786 hospitum
792 728 899 769 cauum
996 729 1000 734 ’

189 791 327 858 Famem,
337 792 486 849 furentem
507 795 667 866 exercitus,
692 813 759 852 cum
785 797 922 854 venerint
972 794 974 797 ’

191 875 326 936 Sithonis
347 875 405 934 uda
428 877 467 934 ad
489 877 571 936 filiae
591 880 711 937 cubilia.
859 939 861 943 ,

189 964 289 1036 Atque
312 980 474 1019 aeneorum
492 964 686 1037 panuclarum
707 965 836 1023 stamine

191 1046 275 1106 Olim
296 1046 445 1104 librarunt
462 1047 523 1105 ista
542 1049 674 1126 virgines
698 1068 785 1107 anus.

190 1131 392 1208 Osephasque
413 1140 477 1189 tum
496 1132 686 1205 Praxander‚
708 1134 780 1192 ullis
801 1135 929 1192 navibus

188 1216 265 1276 Non
288 1216 484 1292 imperantes,
505 1218 605 1294 plebis
626 1220 786 1278 obscurum
808 1238 915 1296 genus,

188 1303 231 1360 Et
249 1302 382 1377 quinque
402 1302 499 1376 quarti
520 1312 591 1378 post
610 1312 715 1380 petent
737 1312 847 1362 terram
871 1305 945 1364 deae

190 1386 308 1464 Golgos
330 1387 472 1459 tenentis,
494 1387 543 1445 hic
561 1389 684 1448 Lacona
706 1390 872 1447 exercitum

188 1471 328 1530 Ductans
351 1471 534 1549 Therapnis,
556 1474 632 1531 alter
652 1483 752 1532 autem
774 1477 813 1533 ab
836 1475 935 1534 Oleno

188 1557 349 1633 Dymeque
368 1556 483 1614 Buraei
503 1559 694 1634 imperat0[r]
715 1560 856 1636 agminis.

188 1648 232 1701 At
252 1641 465 1719 Argyn'ppam,
488 1643 673 1701 Dauniorum
695 1645 880 1717 haeredium,
917 1686 919 1690 -

188 1727 238 1786 Ad
260 1727 431 1785 Ausoniten
454 1728 598 1787 excitabit
619 1729 811 1804 Phylamum,
838 1749 841 1755 ’

188 1818 274 1871 Aves
296 1811 415 1871 sodales
437 1815 570 1871 membra
593 1813 763 1889 plumantes
783 1815 890 1873 videus

187 1897 274 1956 Fatis
298 1897 420 1968 amaris,
442 1899 493 1972 qui
515 1907 649 1955 natatum
673 1899 834 1972 aquatilem

188 1983 313 2060 Degent
331 1983 362 2039 in
386 1982 460 2053 alto,
482 2002 566 2040 more
589 1983 769 2059 piscantum,
791 1984 878 2054 mari,

190 2067 313 2128 Similes
333 2068 429 2144 figura
449 2068 558 2126 caesiis
583 2068 736 2126 oloribus:

187 2152 372 2226 Rostrisque
396 2171 519 2229 spumas
541 2160 728 2232 aucupantes
749 2153 888 2226 piscium,

187 2237 286 2296 Ducis
307 2238 454 2294 tenebunt
474 2237 605 2298 insulam
629 2239 872 2315 cognominem,

189 2322 424 2381 Theatriformis
446 2323 537 2399 inque
561 2323 681 2383 clitellis
703 2323 778 2400 iugi-

187 2408 281 2467 Vicos
304 2403 442 2466 secantes
460 2428 574 2485 perque
594 2410 753 2467 distinctas
775 2408 840 2466 vias

187 2494 304 2551 Iunctis
323 2493 470 2565 tabernis,
492 2513 549 2568 quo
571 2495 656 2570 prius
679 2494 794 2551 Zethus
815 2493 921 2550 modo:

189 2578 346 2653 Simulque
364 2586 471 2654 pastus
495 2590 525 2635 et
546 2580 635 2636 simul
658 2579 771 2636 cubilia

185 2663 291 2722 Noctu
312 2664 453 2735 rebitent,
474 2664 573 2740 gentis
596 2682 715 2721 omnem
738 2663 886 2719 barbarae

187 2747 315 2808 coetum
338 2755 490 2821 caventes,
511 2749 602 2823 inque
624 2747 809 2807 Graecorum
829 2748 930 2822 peplis

188 2832 320 2911 Cognati
341 2842 475 2892 amantes
498 2834 594 2891 ocium
615 2834 696 2890 cicur
720 2834 822 2891 sinus:

185 2920 340 2995 Manuque
360 2920 397 2979 ab
416 2919 571 2994 iusipaute
592 2920 704 2994 pultem
724 2918 846 2994 prandii

187 3003 291 3063 Offam
313 3004 456 3080 polentae
479 3004 621 3061 blandum
647 3002 807 3062 adulantes
829 3003 929 3074 edent,

185 3089 277 3146 Vitae
296 3089 408 3164 prioris
428 3108 491 3147 non
515 3089 613 3147 adhuc
632 3088 745 3146 oblivii.

184 3174 299 3232 Verum
320 3174 473 3233 Liburnae
495 3174 615 3245 vulnus,
636 3173 749 3232 erroris
771 3174 840 3251 vagi

184 3259 254 3317 Erit
273 3259 492 3338 minaciumque
518 3278 610 3317 causa
632 3260 777 3330 luctuum,

183 3344 308 3403 Procax
330 3345 433 3403 virosa
454 3362 520 3402 cum
543 3344 679 3402 catulliet
698 3343 773 3420 lupa

183 3429 274 3489 Asilo
291 3430 413 3501 amoris,
438 3438 468 3487 et
488 3429 622 3489 bidental
646 3429 775 3487 Nortiae

183 3514 340 3573 Defendet
359 3515 471 3591 ipsum,
491 3516 642 3573 victimam
667 3514 735 3572 novi
757 3511 844 3569 sacri.

185 3598 425 3675 Colossicusque
447 3600 479 3656 in
497 3604 655 3659 Ausonum
677 3595 846 3676 pomoeriis

185 3684 291 3755 Stans,
312 3684 399 3742 fabra
422 3685 510 3747 sistet
531 3686 664 3743 membru
689 3700 782 3741 saxeo
806 3698 898 3755 super

184 3766 364 3845 Campsoris
385 3769 611 3828 Architectonis
631 3765 806 3836 statumine,
