2884 4650
581 515 734 611 gos—

489 678 585 743 Αὔτοὶ
610 682 663 763 τὴν
686 683 820 766 ἁπαλὴν.
1018 690 1113 771 ζ(22)
1172 708 1189 727 ’

200 768 268 847 Ipsi
287 768 428 828 viderunt
445 767 540 827 Irenii
562 787 669 847 corpus
691 774 834 844 Amores,
1198 779 1200 782 ’

242 851 434 931 Ει’ὒγρτίαθ
453 854 604 913 thalamos
626 854 789 915 destituere
809 856 905 915 Deae.

199 938 401 997 Emendetum
422 958 496 1014 opus
520 938 558 996 ad
578 939 659 999 telos
679 960 698 997 a
719 942 842 1014 vertice,
867 942 958 1019 signi,

242 1024 283 1082 Et
304 1024 470 1101 castigatae
491 1024 616 1100 virginis
636 1026 735 1085 instar
755 1027 883 1086 habeus.

200 1110 283 1169 Hinc
304 1110 337 1167 in
357 1108 511 1181 mortales,
534 1128 628 1169 nervo
650 1110 808 1185 stridente,
831 1112 944 1188 sagitta

242 1193 317 1253 Non
338 1212 399 1251 uua
419 1214 457 1251 ex
477 1194 532 1252 illo
555 1203 687 1271 tempore
711 1197 808 1256 misse
828 1196 895 1255 fuit.

385 1398 390 1405 ·
466 1358 626 1442 Ζηνοφίλα
647 1362 762 1429 κάλλος
786 1360 851 1443 μὲν.
1017 1365 1114 1443 ζ(23)

201 1447 388 1508 Concubitus
411 1448 514 1507 Venus
537 1448 709 1522 illecebras,
730 1454 827 1508 Amor
844 1450 913 1525 ipse
931 1450 1074 1509 decorem

244 1533 445 1611 Zenophilae,
470 1532 625 1592 (iberitam
648 1534 694 1593 sel
716 1534 825 1593 Charis
848 1535 919 1611 ipse
936 1535 1027 1593 dedit.

439 1697 499 1762 Ναὶ
523 1700 565 1780 μὰ
586 1700 637 1761 τὸν
661 1697 868 1783 εὐπλόκαμον.
1017 1704 1112 1782 wi)

198 1787 261 1846 Per
283 1786 389 1845 Timus
410 1796 516 1859 tortos,
537 1788 588 1863 qui
608 1806 656 1845 me
677 1806 796 1864 cepere,
818 1788 966 1865 capillos:

242 1873 304 1932 Per
326 1872 453 1946 Demus,
477 1890 600 1932 somnos
624 1891 701 1948 quse
722 1871 796 1929 mihi
816 1874 951 1931 membre
971 1872 1090 1949 fugant:
1139 1908 1143 1914 .

88 1998 90 2001 -
200 1958 314 2017 Iliados
337 1977 466 2035 perego
489 1958 662 2028 illecebras,
685 1957 868 2033 vigilemque
886 1958 1040 2016 lucernam

243 2042 343 2115 Hanc,
362 2062 430 2100 mee
450 2062 527 2119 quse
549 2042 662 2101 madidi
685 2041 819 2099 carmina
838 2042 933 2100 multa
954 2042 1043 2100 bibit:

198 2128 302 2187 Parve
322 2129 396 2186 mihi
415 2130 448 2186 in
464 2128 559 2187 labris
582 2136 655 2187 nota
673 2127 819 2200 vulneris,
835 2146 916 2200 ecce,
936 2126 1043 2185 relicte
1056 2134 1113 2189 eet.

245 2214 333 2289 Quod
353 2213 380 2272 si
403 2215 461 2286 vis,
484 2213 575 2271 modo
588 2213 656 2285 dic,
681 2231 813 2289 expuam
835 2220 864 2269 et
881 2212 967 2283 illud,
987 2215 1090 2270 Amor.

446 2377 499 2464 Τῷ
519 2381 631 2464 θαλλῷ
652 2379 772 2462 Διδύμη
803 2402 850 2462 με.
1016 2383 1112 2462 (QG)

199 2474 251 2532 Me
273 2470 375 2547 rapuit
396 2469 491 2527 forme
508 2468 651 2544 Didyme.
674 2469 724 2527 Ah
746 2487 804 2545 ego
825 2470 914 2526 tabeo
937 2486 1064 2528 cernens

243 2556 321 2618 Tale
346 2554 448 2626 decus,
471 2554 568 2629 qualis
589 2571 658 2611 coru
680 2554 736 2612 sub
758 2554 828 2631 igne
849 2553 938 2612 cedit.

199 2647 242 2703 At
262 2643 349 2719 nigra
362 2647 418 2698 est.
438 2641 509 2715 quid
520 2639 603 2696 tum?
622 2639 712 2696 carbo
726 2657 854 2713 quoque.
868 2637 901 2699 si
914 2646 1015 2697 tumen
1028 2638 1112 2696 illum

243 2727 318 2805 Igne
337 2725 437 2797 foves,
460 2724 564 2802 fulget,
588 2724 643 2781 lux
664 2733 697 2781 ut
718 2724 820 2781 hiulca
840 2742 937 2783 rosae.

528 2887 660 2971 [λίσσομ’
678 2886 789 2970 Ἔρως.
1016 2888 1113 2973 wi)

201 2982 247 3040 Te
268 3000 323 3057 per
345 2998 402 3056 ego
425 2985 549 3036 nostrae
566 2978 695 3053 supplex
713 2998 789 3056 rogo
810 2978 944 3036 carmine
960 2980 1079 3051 Musae,

243 3065 424 3136 Heliodoro,
447 3082 516 3125 meo
538 3071 658 3140 pectore
679 3063 767 3122 cedet
785 3066 887 3123 Amor.

200 3151 320 3227 Perque
340 3159 406 3208 tuos
432 3165 533 3220 arcus,
556 3149 607 3224 qui
628 3150 688 3206 ium
710 3151 825 3226 petiere
846 3167 903 3207 nec
923 3147 1029 3218 ullum,

244 3237 375 3297 Tantum
396 3235 428 3292 iu
449 3252 498 3290 me
520 3233 634 3294 dociles
656 3235 774 3294 mittere
795 3235 856 3292 telo
879 3251 944 3292 sue.

201 3320 236 3383 Si
257 3340 363 3399 pereo,
389 3337 497 3378 vocem
517 3321 661 3378 testantis
682 3322 817 3378 carmine
836 3319 985 3394 linquam:
1040 3375 1044 3381 ,

243 3406 378 3484 Aspicis,
401 3413 435 3464 ut
455 3405 545 3464 morti
567 3424 616 3462 me
639 3406 732 3478 dedit,
751 3406 877 3480 hospes,
896 3408 999 3460 Amor.

606 3491 709 3548 Aliter.

201 3575 236 3638 si
258 3575 389 3653 supplex
410 3585 440 3633 te
462 3577 550 3634 Musa
569 3584 675 3634 moret·
693 3593 772 3645 mea,
792 3591 864 3630 cura
882 3571 1028 3640 facessat,

243 3662 343 3738 Quem
366 3661 489 3738 vigilem
507 3661 539 3717 iu
563 3661 652 3720 uobis
675 3658 849 3717 Heliodoro
870 3655 953 3727 serit,

201 3751 280 3806 Acer
301 3766 393 3804 emor.
416 3745 477 3804 Per
499 3753 541 3818 te,
564 3764 619 3822 per
640 3763 697 3822 ego
718 3753 771 3801 tua
789 3741 923 3801 maxime
944 3739 1016 3812 tela,
