2884 4650
647 517 651 530 ’
717 539 868 634 Q„

337 705 542 782 Aplustroquc
563 704 689 780 passim,
709 715 741 765 et
759 708 914 785 explicata
935 726 1081 786 suppara,

337 790 511 849 Phrenetici
533 787 755 865 septentrionis
776 793 914 852 flatibus:

338 876 381 934 At
399 893 454 934 ora
474 874 598 935 solvens
621 876 738 936 entheis
762 878 969 952 bacchatibus,

340 966 416 1020 Atos
433 961 471 1018 ab
494 960 564 1018 altis
586 979 739 1038 pervagus
760 963 849 1022 bovis
870 963 951 1039 iugis

288 1041 323 1097 3⁰
341 1043 516 1105 Cassandra
536 1045 625 1104 dictis
647 1045 713 1103 infit
736 1065 807 1105 orsa
827 1047 950 1108 talibus.

340 1131 410 1189 Heu
431 1131 492 1189 heu
514 1137 645 1188 cremata
665 1130 839 1207 lacrymosa
858 1133 971 1209 patria3

337 1216 472 1274 Primum
494 1215 613 1290 quidem
633 1215 780 1276 feralibus
803 1217 950 1276 Trinoctii

340 1299 447 1362 Stlatis
470 1299 613 1377 gigantis,
634 1320 686 1358 ore
707 1320 796 1376 quem
817 1303 965 1377 quondam
980 1321 1037 1362 suo

341 1383 436 1444 Consi
458 1383 576 1444 voravit
597 1402 702 1459 campa
724 1387 887 1447 manduces
910 1390 1006 1461 canis,

289 1468 323 1523 35
342 1471 403 1546 Qui
424 1470 511 1529 vivus
534 1476 620 1527 ustus
640 1479 803 1529 excavator
824 1472 972 1531 viscerum

340 1557 424 1613 Intra
443 1553 553 1612 lebetis
574 1553 655 1630 ignis
676 1564 817 1630 expertes
837 1557 923 1617 focos

339 1640 451 1699 Formo
472 1657 621 1714 capronas
645 1641 765 1699 verticis
786 1641 865 1700 fudit
887 1642 967 1714 solo,

340 1724 442 1782 Prolis
465 1731 628 1802 peremtor,
644 1724 762 1802 patriae
784 1727 882 1802 pestis
905 1745 1005 1785 meoet

340 1809 432 1867 Matri
456 1809 606 1868 secundae
631 1810 683 1885 qui
700 1810 818 1869 volanti
840 1812 967 1888 cuspide

290 1895 326 1949 ⁴0
341 1893 479 1953 Detersit
495 1894 580 1967 uber,
602 1895 692 1969 inque
713 1893 794 1954 Circi
812 1895 937 1972 pulvere

309 1995 313 2005 ·
342 1978 589 2055 Quinquertionis
611 1981 746 2039 membra
761 1982 856 2057 patris
879 1981 1002 2042 sustulit

342 2063 515 2125 Saturnium
537 2064 576 2122 ad
599 2059 753 2138 cacumen,
776 2067 828 2124 ubi
850 2074 933 2124 tarra
954 2065 1013 2124 sati

341 2151 484 2209 Formido
509 2167 653 2224 equorum
674 2169 781 2226 cespes
798 2151 922 2209 Ischeni
939 2158 1050 2209 tumet:

342 2235 449 2296 Salsas
471 2234 623 2309 Triquetri
642 2235 693 2309 qui
713 2235 846 2294 latebras
865 2236 1008 2313 aequoris

291 2321 326 2377 te
344 2321 447 2381 Torva
470 2320 658 2380 obsidentem
682 2321 901 2379 semifeminam
922 2341 1027 2380 canem

344 2405 467 2478 Stinxit,
487 2406 603 2482 rapinis
625 2406 828 2465 imminentem
849 2408 976 2483 piscium

344 2492 484 2561 Gumiam
503 2492 595 2551 boum
617 2492 766 2564 leaenam,
788 2492 905 2552 adustis
927 2511 1017 2567 quam
1036 2500 1125 2569 pater

344 2577 499 2650 Membris,
522 2577 653 2636 lucernis
676 2578 846 2653 corporavit
864 2577 976 2655 igneis,

343 2664 473 2721 Mortem
492 2662 574 2720 haud
599 2670 758 2746 paventem
781 2662 864 2721 sedis
884 2662 1001 2719 inferac
1024 2661 1128 2720 deam:

210 2794 211 2801 ,
293 2750 329 2803 50
346 2745 443 2819 Quem
462 2756 548 2806 caute
569 2748 677 2805 inermi
697 2747 805 2805 fraude
822 2748 971 2822 quondam
995 2754 1133 2807 mortuus

343 2831 495 2905 Extinxit,
517 2832 589 2892 olim
611 2832 671 2891 iam
695 2831 829 2905 Quietali
847 2833 991 2910 agnitum.

343 2915 415 2976 Heu
434 2924 504 2976 tene
523 2936 640 2990 rursus,
663 2914 724 2976 ten’
748 2926 911 2976 crematam
930 2923 1056 2975 contuor

344 3001 465 3061 Vetusti
484 3003 522 3060 ab
543 3003 634 3061 armis
656 3003 762 3076 Aeaci,
786 3012 877 3079 atque
899 3002 1023 3061 Tantali

345 3087 436 3165 Rogo
460 3087 587 3163 sepultis
606 3088 686 3145 intra
709 3088 866 3146 Latrinam
889 3088 1013 3147 ossibus

294 3172 328 3225 55
344 3173 427 3232 Pulli
445 3172 516 3251 igne
538 3172 730 3232 subverbusti
748 3172 788 3231 ad
804 3173 926 3249 impiam
947 3173 1065 3249 dapem,

346 3259 430 3317 Telis
449 3258 572 3317 bubulci
593 3257 718 3315 'lentari
739 3258 923 3317 volucribus.

345 3343 464 3404 Rivalis
485 3364 565 3403 uxor
587 3349 694 3401 cuncta
713 3342 745 3399 in
766 3362 837 3401 oras
858 3343 993 3416 luminis,

345 3427 468 3507 Legans
490 3436 677 3506 paractetum
695 3427 860 3485 minantem
882 3429 1009 3503 patriae,

345 3511 499 3572 Producet
517 3514 642 3573 efferata
661 3513 768 3590 patriis
788 3512 920 3588 probris,

296 3598 330 3651 60
348 3594 492 3674 Ditisque
513 3601 628 3678 nuptiis
649 3597 802 3679 peregrini
825 3598 897 3656 tori:
920 3607 951 3656 at

348 3678 520 3741 Salubrium
543 3693 611 3744 cata
631 3684 796 3764 unguinum
815 3682 981 3743 incurabile
1055 3714 1060 3725 ·

347 3766 465 3827 Vulnus
487 3770 587 3828 mariti
609 3771 787 3849 conspicata
808 3767 949 3844 pristini·

471 4197 476 4206 ι

369 4197 620 4414 ,Ὗ
675 4239 678 4246 r

216 4459 248 4462 .-
479 4459 492 4462 ..
532 4443 551 4463 -ί
667 4163 845 4463 n
