2884 4650
1258 515 1372 578 101

400 683 655 745 Miratur
698 682 827 740 veri
871 682 1242 759 stupefactus
1291 685 1556 782 imagine
1600 683 1821 743 lector·

399 761 535 826 Non
584 775 707 824 tam
750 767 910 841 quod
950 768 1247 843 quaedam
1296 778 1393 828 est
1416 769 1636 846 priscis
1663 787 1776 829 sua
1800 770 1996 847 gratia
2019 774 2227 878 rebus,

401 853 599 928 Quam
642 852 805 927 quod
847 852 1018 910 flore
1045 853 1131 910 tui
1173 863 1427 912 vernant
1466 853 1736 911 animata
1776 853 2008 930 leporis

396 937 656 996 Lumine
696 954 1004 1014 purpureo
1050 937 1270 1013 Tyrias
1313 938 1612 1008 imitantia
1647 938 1839 998 luces.

396 1025 717 1081 Annorum
764 1021 1071 1096 saeclique
1108 1041 1330 1099 parens
1379 1024 1676 1100 longaeva
1717 1023 2032 1097 Vetustas,

398 1106 511 1167 Cui
554 1107 711 1164 caeli
754 1107 946 1166 servit
982 1108 1197 1180 series,
1244 1109 1340 1167 cui
1378 1116 1660 1184 tempora
1703 1116 1885 1167 vasto

397 1191 769 1269 suppeditat
808 1199 1023 1250 natura
1068 1193 1236 1253 sinua
1281 1212 1436 1268 quae
1481 1212 1669 1269 saepe
1712 1209 2044 1255 renascens

394 1278 467 1336 In
509 1285 617 1335 tua
662 1285 724 1339 te
758 1294 1007 1340 revocas
1056 1278 1336 1355 vestigia,
1374 1287 1552 1353 teque
1597 1277 1708 1335 tibi
1752 1278 1873 1354 ipsi

395 1363 723 1434 Restituis,
765 1362 997 1423 volucri
1038 1363 1317 1440 relegens
1362 1363 1614 1422 exordia
1652 1380 1858 1423 cursu:

396 1448 628 1510 Omnia
669 1447 968 1506 veridicae
1014 1447 1249 1506 dictant-
1294 1449 1406 1509 tibi
1443 1449 1606 1506 facta
1649 1446 1923 1509 Sorores,

396 1533 600 1593 Omne
637 1550 850 1609 genus,
885 1551 1085 1591 rerum
1120 1533 1229 1591 tibi
1276 1534 1580 1606 scribitur,
1623 1552 1804 1592 omne
1845 1534 2144 1608 laborum,

397 1618 669 1676 Virtutes
716 1617 1048 1688 hominum,
1095 1619 1381 1694 vitiisque
1420 1617 1737 1678 haerentia
1779 1627 1974 1697 gesta,

391 1703 476 1762 Et
509 1721 611 1761 res
661 1703 957 1761 humanas
1003 1703 1231 1763 incisas
1272 1723 1415 1763 aere
1459 1703 1714 1781 perenni

395 1789 469 1846 In
513 1795 619 1845 tua
660 1789 960 1864 congestis
994 1788 1231 1863 -opibus
1278 1789 1548 1847 sacraria
1590 1789 1832 1847 condisz

395 1871 569 1945 Quae
613 1872 835 1948 partim
878 1873 1140 1932 aeter-nis
1186 1873 1502 1950 signarunt
1540 1873 1732 1930 indita
1771 1873 1969 1944 fastis,

396 1956 657 2035 Singula
699 1977 814 2034 per
854 1958 1059 2016 varios
1106 1959 1407 2034 complexi
1449 1957 1699 2016 saecula,
1741 1975 1943 2026 casuS,

396 2043 643 2101 Divinis
682 2043 961 2103 homines
1007 2043 1253 2107 accensi
1286 2051 1538 2120 pectora
1585 2042 1780 2100 curis:
1999 2039 2001 2042 ⁴

395 2128 631 2186 Partim
681 2146 883 2186 mersa
920 2128 1110 2204 nigris
1155 2128 1377 2187 oblivio
1416 2128 1687 2187 condidit
1722 2126 1974 2185 umbris.

393 2213 477 2272 Et
515 2230 680 2270 nunc
721 2221 935 2270 cuncta
978 2213 1096 2270 tuis
1136 2213 1335 2289 adytis
1377 2215 1662 2272 abstrusa
1699 2212 1959 2273 laterent

400 2298 559 2358 Irato
601 2298 791 2371 caelu,
834 2298 895 2357 ni
937 2297 1032 2357 vis
1076 2298 1340 2360 humana
1386 2297 1641 2358 subinde

398 2385 588 2443 Eruta
630 2383 706 2441 de
744 2383 996 2443 latebris
1045 2384 1198 2442 caeli
1246 2385 1547 2460 proferret
1587 2383 1652 2440 in
1678 2402 1858 2454 oras,

398 2470 575 2545 Quae
618 2468 809 2527 doctis
854 2473 1141 2527 veterum·
1164 2469 1387 2530 chartis
1429 2468 1730 2527 industria
1773 2467 1968 2526 solers

398 2555 703 2631 Exposuit
736 2554 995 2612 nondum
1038 2555 1314 2630 proprios
1354 2554 1660 2631 patefacta
1701 2572 1812 2629 per
1856 2570 2002 2611 usus

343 2684 348 2690 .
400 2640 659 2698 Arcanis
709 2658 933 2697 acuens
978 2640 1261 2698 mortalia
1299 2646 1548 2715 pectora
1591 2639 1778 2697 curis:

400 2724 745 2784 Herbarum
790 2725 950 2782 vires
997 2726 1237 2798 tacitas,
1278 2732 1562 2800 artesque
1610 2716 1909 2793 medendi,

400 2809 675 2868 Naturae
720 2817 932 2885 partus
976 2810 1202 2882 varios,
1244 2810 1668 2884 hominumque
1713 2808 2020 2866 ministras

400 2895 870 2971 Quadrupedes,
913 2901 974 2951 et
1014 2902 1171 2954 tecta
1217 2895 1342 2953 suis
1384 2894 1673 2953 animalia
1712 2892 1944 2964 lustris,

398 2980 778 3057 Pennigeras
824 2979 1121 3052 volucres,
1168 2980 1451 3037 examina
1498 2980 1666 3037 muta
1710 2984 2044 3046 natantum,

401 3066 684 3124 Membra.
721 3065 1099 3123 colubrorum
1146 3066 1344 3126 caecis
1391 3066 1665 3125 habitata
1699 3062 1971 3122 venenis.

403 3151 575 3208 Adde
621 3151 716 3213 his
767 3149 1044 3208 stelliferi
1093 3159 1321 3209 motum
1367 3150 1714 3209 comitantia
1753 3146 1983 3216 mundi,

404 3235 481 3294 Et
519 3235 747 3294 mundo
793 3235 1053 3295 adverso
1097 3236 1351 3293 nitentia
1391 3237 1622 3294 sidera:
1680 3234 1928 3291 fratrem

403 3320 758 3398 Fulgentem
803 3322 1075 3397 propria,
1114 3317 1382 3379 fraterna
1413 3321 1553 3380 luce
1598 3335 1889 3387 sororem,

405 3404 769 3466 Nimborum
818 3422 1022 3477 casus,
1069 3406 1338 3480 elisaque
1382 3405 1615 3466 lumina
1658 3400 1825 3461 fissis

406 3489 711 3563 Nubibus,
754 3498 815 3548 et
856 3491 1123 3567 trepidas
1163 3483 1750 3550 terrentia'fulmina
1791 3492 2080 3545 mentem·

409 3575 580 3651 Quae
625 3577 760 3649 quis
810 3594 936 3635 non
980 3576 1144 3635 omni
1189 3576 1441 3637 rimatur
1483 3572 1775 3647 temporis
1821 3571 2019 3632 hora?

406 3659 539 3719 Nec
578 3662 699 3718 iam
747 3662 1073 3724 confertam
1108 3662 1500 3720 nascentibus
1547 3656 1806 3731 undique
1849 3656 2023 3719 libris
2129 3699 2157 3711 ..

407 3744 785 3823 Scriptorum
821 3748 1058 3808 turbam
1099 3753 1487 3823 grassantum
1538 3740 1728 3802 limite
1765 3742 1906 3803 trito
