2884 4650
554 546 703 641 —Q
773 569 778 583 .

173 714 288 776 Omnia
309 713 385 773 suda
405 714 518 788 ferens,
541 722 662 794 tergens
684 718 764 776 freta
782 718 879 777 vitrea
900 719 985 778 coeli.
1056 724 1082 735 ”

446 885 571 944 Fauonii
588 886 729 961 suffimen,
753 898 807 946 tur.
1041 890 1083 949 80

173 968 350 1045 Caelivaga,
372 968 524 1046 undigena
546 971 678 1044 flabella,
699 971 853 1031 Feroniae
876 991 977 1047 aurae,

174 1054 201 1115 O
225 1054 396 1112 levisomne
418 1055 536 1113 animae
558 1056 697 1114 solamen
717 1057 789 1115 mite
809 1057 955 1131 laborum,

172 1140 303 1210 Vernae,
325 1139 508 1215 gramineae,
529 1149 668 1216 portuum
689 1142 887 1219 cupidissima
908 1161 989 1217 cura,

172 1220 305 1283 Navibu'
328 1231 497 1287 sternentes
517 1226 607 1284 itiner
628 1226 717 1284 molle
738 1246 809 1285 aera
828 1228 986 1301 blandum3

174 1311 313 1370 Obsecro
336 1328 392 1368 vos
415 1310 532 1385 placido
552 1312 704 1388 spirantes
728 1312 849 1371 flamine
872 1314 987 1387 adeste,

172 1396 293 1469 Aerias,
314 1394 441 1469 invisae,
462 1395 652 1472 levipennes,
675 1397 863 1458 aeriformes.

457 1564 561 1624 Austri
581 1568 719 1641 suffimen,
743 1578 796 1626 tus.
1042 1568 1081 1627 81

171 1649 358 1725 Praecipites
381 1667 483 1722 aurae,
504 1658 659 1711 tranantes
682 1649 755 1710 aeri'
778 1652 891 1726 caulas,

171 1735 314 1809 Undique
335 1734 534 1810 pennipodes,
554 1738 703 1814 vortigine
724 1747 867 1815 praepete
888 1745 1028 1811 ovantes,

172 1819 280 1879 (ledite
304 1819 474 1878 nimborum
495 1828 605 1879 matres
628 1840 695 1878 cum
716 1819 882 1899 ingentibu’
906 1824 1027 1882 nimbis.

171 1905 254 1964 Nam
273 1904 353 1963 Iovis
376 1905 432 1963 has
457 1906 544 1963 vobis
563 1905 660 1963 finivit
679 1907 710 1963 in
730 1925 800 1963 aere
819 1913 933 1981 partes,

158 1990 309 2051 caelitus
327 1990 509 2066 imbriparas
532 1991 627 2048 nubes
649 1992 821 2064 permittere
844 1992 883 2048 ad
904 1992 974 2049 ima.

172 2077 236 2135 Vos
259 2094 364 2149 precor
384 2074 494 2133 inferio
517 2076 575 2133 hoc
598 2082 733 2134 mactans
756 2076 900 2138 libamine
921 2076 1031 2150 Divae,

172 2162 288 2219 Terrae
312 2160 400 2217 matri
423 2161 645 2238 frugiparentes
669 2161 778 2219 elicere
800 2161 923 2220 imbres.

413 2328 520 2388 Oceani
541 2333 681 2406 suffimen,
703 2341 844 2390 aromata.
1043 2333 1084 2393 82

173 2417 220 2475 Te
238 2435 368 2475 veneror
389 2423 475 2491 pater
493 2415 626 2489 Oceane,
649 2417 825 2475 immortalis
849 2416 946 2494 origo,

173 2501 369 2574 Naturaeque
381 2499 482 2558 Derim
504 2509 654 2574 aeternae,
677 2510 706 2559 et
727 2502 899 2560 mortalium
911 2502 1085 2576 homonum,

173 2585 233 2660 Qui
255 2586 426 2645 circunfluis
449 2585 584 2644 anfracta
605 2587 790 2644 ambarvalia
810 2595 920 2659 terrac,

172 2671 262 2732 Unde
284 2689 380 2748 genus
401 2671 572 2744 fluviorum,
593 2672 722 2729 undeet
746 2671 965 2731 salimarmoris
987 2671 1086 2733 undae

173 2760 273 2831 Atque
297 2756 358 2813 alid
378 2756 410 2814 in
431 2764 511 2814 terra
531 2758 735 2815 scatebrarum
757 2758 892 2841 ignobile
910 2757 1030 2837 volgus,

174 2843 220 2900 Te
238 2842 389 2901 Februum
412 2842 538 2901 lustrale
557 2841 701 2902 vocamus
724 2839 965 2920 caeligenorum,

172 2927 259 2986 Finis
282 2925 410 2999 telluris,
432 2938 535 3005 margo
558 2927 676 3002 amplae
694 2927 813 2985 fornici'
833 2929 948 3002 mundi,

173 3012 243 3070 Huc
265 3011 401 3088 placidus
423 3013 528 3071 venias
552 3030 655 3072 sacrae
675 3013 848 3090 gratissime
870 3015 985 3073 turbae.

417 3182 520 3242 Vestae
540 3183 680 3258 suffimen,
701 3194 815 3242 cremat
836 3227 843 3242 .
918 3199 920 3205 ’
1045 3180 1086 3240 83

173 3267 292 3326 Inclutu
312 3267 415 3341 Vesta,
438 3269 522 3327 senis
546 3266 669 3328 Saturni
690 3277 773 3328 casta
792 3287 936 3345 propago,

175 3353 260 3426 Quae
281 3351 371 3411 nimis
393 3354 564 3429 irrequietis
587 3355 681 3412 habes
703 3353 872 3412 meditullia
892 3352 1042 3422 flammae,

175 3438 281 3497 Hosce
302 3436 356 3495 tibi
374 3458 466 3515 puros
488 3448 624 3515 praestes
647 3439 685 3496 ad
708 3457 794 3498 sacra
811 3437 975 3508 ministros,

173 3524 347 3595 Florentes,
368 3525 456 3598 dites,
478 3515 650 3599 castosque,
673 3531 703 3582 et
723 3529 848 3600 pectore
867 3539 952 3597 puro.

174 3608 245 3666 Huc
266 3607 339 3666 ades
359 3608 501 3668 oDivdm
520 3619 662 3670 constans
672 3608 851 3666 fulmentum
860 3605 1086 3682 hominumque.

175 3692 384 3768 Multipotens,
408 3703 540 3768 aeterua,
561 3703 592 3753 et
615 3692 765 3765 amabilis,
786 3698 875 3766 atque
895 3689 1066 3766 opiformis,

175 3778 292 3838 Ridens
313 3787 402 3854 atque
424 3780 521 3852 beate,
544 3780 612 3838 fave
634 3777 842 3855 placidissima
864 3775 970 3848 sacris,
