2884 4650
752 516 816 578 360

338 688 433 746 Viros
451 684 573 745 hiantis¹
585 685 616 744 in
640 684 699 743 soli
719 686 875 762 voragine,

338 770 518 849 Sepulcrum
539 770 665 846 stipsis
688 770 872 846 insepultum
897 770 1010 829 Daunii

339 854 479 918 Statuent
500 874 609 915 acervo
630 854 812 914 fornicatum
835 874 940 929 saxeo,

262 938 330 994 1065
339 942 466 999 Terram
489 940 652 999 offerentes
675 959 764 1015 quam
786 941 931 1000 volebant
949 958 1078 1012 sumere,

340 1024 549 1086 Cerebrisorbi
567 1025 621 1083 filii
643 1026 710 1101 apri
733 1025 844 1083 bellici.

340 1110 401 1173 Sed
424 1111 559 1191 liliorum¹
574 1109 805 1169 Nauboleorum
826 1119 930 1184 petent

338 1195 459 1257 Nantae
479 1196 671 1268 Temessam‚
695 1214 755 1271 qua
773 1196 900 1273 iugosus
921 1196 1086 1271 Lampetes

339 1282 463 1341 Illustre
485 1299 578 1339 cornu
599 1272 719 1339 verticis
740 1280 890 1357 Hipponii

263 1368 331 1421 1070
342 1366 413 1427 Salo
435 1365 577 1424 tetendit:
602 1384 719 1442 proque
741 1364 866 1424 Orissae
882 1365 994 1423 finibus

340 1450 545 1533 Crotoniatum
568 1456 745 1526 portuosum
767 1450 922 1527 pulverem

338 1537 504 1595 Taurorum
528 1536 657 1593 arabunt
678 1535 786 1594 ferreis
809 1535 991 1606 dentalibus,

339 1621 474 1679 Patriam
497 1620 623 1679 Lilaean
648 1628 677 1677 et
698 1613 888 1678 Anemoreae
910 1620 987 1692 sola,

338 1706 525 1781 Amphissan
546 1714 575 1763 et
590 1705 798 1764 desiderantes
820 1714 909 1779 atque
929 1708 1023 1773 Abas.

264 1796 330 1849 1075
341 1790 452 1852 Setaea
475 1792 596 1862 misera,
619 1791 738 1866 rupium
760 1800 789 1848 te
807 1809 879 1848 crux
902 1799 1013 1863 manet,

339 1876 400 1936 Ubi
423 1876 564 1934 numellis
587 1875 811 1934 membrivincis
831 1876 938 1933 ferreis

339 1961 461 2020 Misella
481 1961 583 2037 passis
604 1960 776 2037 compedita
794 1960 925 2018 brachiis

340 2047 472 2105 Moriere
493 2045 605 2103 heriles
626 2064 702 2103 ausa
725 2046 840 2104 classes
861 2064 957 2117 urere,

339 2132 387 2190 Ad
408 2130 533 2190 Crathin
557 2130 689 2188 eiulante
711 2140 820 2206 questu
841 2130 990 2187 vulturum

264 2223 331 2277 1080
341 2217 463 2294 Rapina
483 2215 630 2291 pendens,
654 2215 792 2275 oscinum
812 2215 982 2273 voracium:

342 2302 423 2378 Quin
446 2302 538 2361 sortis
559 2300 611 2360 ille
631 2320 719 2360 mons
745 2309 815 2359 tuae
836 2301 1026 2377 cognominis

339 2387 433 2446 Ponti
452 2386 593 2464 procellis
615 2387 788 2458 imminens,
812 2385 978 2444 vocabitur.

342 2470 458 2532 Tamen
480 2472 605 2549 Pelasgi
628 2471 667 2528 ad
687 2471 751 2528 alta
773 2471 944 2530 Membletis
968 2471 1056 2542 vada,

341 2557 518 2632 Quicunque
539 2554 681 2616 Corsicae
703 2557 885 2633 appulerunt
904 2557 1034 2629 insulae,

265 2647 332 2701 1085
343 2643 589 2720 Tyrr[h]enicum
610 2642 689 2700 ultra
713 2662 845 2699 murmur
866 2642 904 2698 ad
924 2641 1080 2700 Lametios

340 2727 465 2786 Lucana
483 2728 637 2786 habebunt
657 2728 791 2804 gurgites
813 2726 941 2784 novalia.

341 2812 418 2871 lllos
438 2813 544 2869 ruinae
567 2813 699 2887 duraque
717 2811 883 2870 infortunia

341 2898 474 2956 Maestus
494 2897 647 2956 habebunt
670 2917 731 2955 non
753 2897 901 2954 relaturos
922 2896 1031 2972 pedem

339 2983 471 3058 Propter
490 3000 623 3039 mearum
646 2983 815 3058 nuptiarum
835 2981 893 3039 vim
918 2990 1041 3038 trucem.

267 3075 334 3131 1090
343 3067 411 3125 Nec
432 3066 482 3142 qui
507 3075 634 3142 penates
656 3067 821 3143 gestientes
844 3074 916 3142 post
936 3074 1051 3142 petent,

341 3151 537 3211 Vitulstionis
557 3151 680 3227 pinguia
700 3152 865 3211 adolebunt
887 3170 983 3223 sacra,

343 3237 582 3297 Redhostientes
605 3236 734 3314 gratiam
756 3235 908 3294 Lucretio.

342 3322 423 3381 Nam
444 3330 491 3381 tot
510 3321 606 3379 ruinis
629 3329 674 3380 tot
694 3320 783 3379 malis
805 3322 936 3393 liticine,

343 3407 401 3466 Tot
423 3407 605 3467 Martiorum·
622 3406 783 3483 coniugum
806 3407 942 3464 aedituas
963 3424 1055 3463 nurus

269 3491 434 3554 1095D01is
456 3493 580 3564 rotabit,
599 3510 656 3550 nec
679 3492 767 3550 malis
789 3493 943 3568 navifragis

346 3574 487 3636 cessabit
503 3577 617 3654 ignium
639 3579 793 3636 excubans
814 3576 952 3636 custodia

345 3660 395 3720 Ob
417 3662 499 3721 caesi
519 3662 633 3720 alumni
657 3662 731 3735 fata,
751 3681 838 3738 quem
861 3679 969 3737 cespes
993 3679 1100 3717 recens

344 3745 485 3806 Effoseus
503 3749 534 3806 in
557 3748 664 3806 tellure
686 3749 879 3824 Methymnae
900 3754 990 3824 teget
