2884 4650
1507 506 1586 565 96

637 675 833 746 Adde,
876 675 1037 750 quod
1076 674 1371 750 ingenuae
1416 676 1634 735 mentis
1680 695 1804 733 non
1851 675 2062 733 ultima
2105 697 2308 740 mores

720 761 887 821 Inter
925 760 1196 818 sinceros
1247 762 1508 834 praemia
1553 761 1776 818 candor
1820 760 2015 818 habet.

642 843 889 917 Contra,
935 845 1203 907 mordaci
1230 863 1581 919 quenquam
1625 845 1986 922 distringere
2025 845 2233 922 lingua

723 930 839 989 Est
879 930 1062 986 animi
1108 930 1279 1005 nigro
1323 929 1468 988 felle
1511 930 1807 988 madentis
1853 948 2028 1005 opus·

640 1013 828 1073 Nulla
868 1013 1177 1073 venenatis
1221 1014 1449 1072 salibus
1493 1015 1602 1072 tibi
1642 1015 1858 1091 pagina·
1901 1015 2086 1072 tincta
2134 1023 2251 1089 est,

725 1098 861 1157 Nec
900 1098 1067 1157 dedit
1100 1098 1355 1169 infames
1397 1098 1603 1176 lingua
1645 1108 1923 1174 proterva
1960 1100 2157 1159 iocos.

641 1183 797 1257 Nec,
841 1203 993 1257 quae
1032 1201 1130 1241 res
1170 1202 1321 1242 aevo
1362 1204 1488 1242 non
1536 1191 1630 1243 est
1672 1184 1978 1260 incognita
2024 1194 2263 1260 nosti-05

732 1268 1044 1329 Strinxisti
1098 1268 1163 1329 in
1209 1269 1481 1328 celebres
1525 1269 1705 1342 impia
1752 1269 1935 1327 verba
1971 1269 2156 1328 viros.

643 1356 781 1413 Iure
824 1353 1005 1429 igitur
1040 1353 1362 1426 querimur,
1404 1361 1465 1412 te
1504 1354 1635 1412 iure
1677 1354 1951 1412 dolemus
1989 1354 2354 1434 ademptum,

732 1438 947 1498 Omnis
993 1444 1053 1494 et
1090 1437 1154 1495 in
1195 1445 1421 1512 partem
1466 1439 1640 1496 turba
1679 1438 1907 1496 doloris
1947 1439 2140 1512 adest,

643 1525 723 1584 Et
761 1523 975 1583 miscet
1014 1522 1292 1598 gemituS,
1340 1531 1399 1581 et
1450 1524 1630 1582 verba
1664 1523 1972 1597 querentia
2011 1524 2233 1600 fundit,

729 1607 854 1665 Pro
899 1615 1101 1665 tamen
1152 1614 1357 1682 erepto
1402 1628 1527 1666 non
1577 1607 1832 1665 valitura
1876 1608 2028 1666 viro.

648 1693 766 1752 Hei
809 1691 955 1755 mihi
1001 1710 1178 1765 quam
1221 1692 1405 1750 celeri
1450 1701 1652 1750 versat
1685 1692 1816 1751 fors
1862 1690 2066 1751 omnia
2101 1693 2300 1770 lapsu,

731 1777 923 1851 Quam
967 1776 1175 1852 rapido
1225 1778 1454 1837 subitas
1496 1778 1713 1835 alterat
1755 1778 1902 1835 orbe
1945 1777 2128 1838 vices.

643 1865 731 1936 Is,
774 1862 958 1921 modo
1003 1880 1180 1935 quem
1221 1862 1481 1921 validum
1533 1861 1744 1920 faciles
1791 1862 2050 1935 vidistis,
2095 1864 2296 1938 amici,

729 1949 809 2007 Et
854 1947 949 2007 cui
993 1965 1105 2004 nec
1153 1947 1368 2006 dubius
1411 1948 1672 2006 tinxerat
1713 1966 1817 2005 ora
1864 1947 2057 2020 color,

645 2035 826 2094 Hunc
868 2032 1117 2107 inopina
1160 2033 1362 2093 brevis
1406 2032 1564 2108 rapit
1602 2031 1986 2090 inclementia
2021 2033 2242 2105 morbi,

728 2122 928 2192 Atque
974 2125 1087 2189 est,
1133 2117 1297 2191 quod
1336 2117 1560 2174 feretro
1600 2116 1771 2175 triste
1809 2117 2042 2176 levatur
2087 2136 2265 2176 onus.

648 2204 703 2264 O
744 2203 966 2262 festina
1007 2201 1161 2273 dies,
1205 2221 1241 2259 o
1292 2221 1492 2260 rerum
1533 2201 1798 2260 lubricus
1846 2203 2017 2260 ordo;

733 2288 787 2349 O
837 2287 1087 2348 nimium
1134 2304 1395 2362 propero
1439 2305 1606 2347 mors
1653 2286 1909 2345 celerata
1950 2286 2163 2365 gradu.

646 2377 746 2433 Me
785 2374 1093 2445 miserum,
1134 2391 1253 2447 quo
1298 2391 1413 2431 nos
1457 2391 1762 2446 nunquam
1806 2372 2068 2430 rediture
2109 2373 2422 2477 relinquis.

730 2457 865 2516 Nec
913 2477 1109 2533 prece,
1147 2457 1351 2516 votiva
1387 2476 1501 2515 nec
1540 2457 1916 2516 revocandus
1968 2458 2124 2532 ope?

650 2544 741 2603 Te
779 2544 1042 2601 retinent
1082 2543 1275 2601 civem
1319 2544 1561 2620 cognati
1604 2542 1807 2601 sidera
1847 2541 2019 2615 caeli,

521 2634 536 2652 '
643 2649 646 2652 ⁴
733 2628 813 2686 Et
855 2647 980 2685 non
1020 2628 1349 2689 turbandae
1390 2629 1557 2703 pacis
1601 2627 1792 2685 amica
1827 2627 2019 2701 quies.

648 2714 786 2773 Nos
833 2711 1013 2769 habet
1051 2712 1115 2773 in
1157 2714 1359 2773 varios
1397 2732 1599 2771 rerum
1644 2711 1912 2769 districta
1955 2712 2268 2782 tumultus,

729 2797 921 2870 Inque
965 2798 1254 2858 catenatis
1304 2798 1425 2856 vita
1457 2797 1756 2876 trahenda
1797 2796 1995 2855 malis.

648 2881 770 2940 Hic
808 2880 911 2938 ubi
954 2899 1065 2938 nec
1100 2881 1361 2955 requies,
1407 2901 1521 2940 nec
1558 2901 1710 2957 quae
1743 2881 1862 2940 sibi
1889 2880 2143 2956 quisque
2167 2888 2462 2955 precatur,

577 3033 586 3038 ,
737 2965 1164 3039 Sollicitaeque
1202 2966 1406 3024 levant
1448 2967 1571 3025 otia
1609 2967 1829 3025 mentis
1877 2984 2050 3025 onus.

653 3053 795 3112 Otia
837 3049 1144 3112 Pieridum
1192 3050 1379 3110 sacris
1422 3052 1768 3112 secessibus
1817 3059 1975 3125 apta,

738 3136 878 3197 Otia
922 3135 1263 3195 numinibus
1305 3155 1546 3211 semper
1583 3144 1779 3194 amata
1820 3136 1958 3195 tuis.

649 3221 773 3281 Pro
818 3222 1033 3296 quibus
1077 3220 1291 3278 insano
1330 3222 1587 3280 reboant
1630 3220 1940 3278 molimine
1983 3219 2154 3292 lites,

736 3308 817 3367 Et
861 3307 1089 3368 clamor
1132 3306 1386 3379 strepeti
1429 3314 1604 3365 natus
1644 3306 1720 3363 ad
1761 3323 1927 3364 arma
1967 3303 2116 3364 fori=

653 3390 771 3465 Qui
814 3392 1025 3467 procul
1067 3388 1339 3450 Aonidas
1383 3390 1695 3451 hominum
1747 3390 1818 3448 de
1865 3397 2064 3449 mente
2108 3386 2337 3465 fugavit

736 3476 1059 3548 Instillans·
1085 3476 1237 3535 lucri
1278 3475 1498 3536 blanda
1540 3494 1770 3534 venena
1809 3475 1932 3534 sui:

653 3555 1057 3636 Inge'ziuisque
1098 3560 1310 3620 animis
1350 3560 1594 3636 ignavas
1642 3560 1842 3616 obiicit
1878 3567 2060 3632 arteS,

745 3644 941 3716 Sfflpffi
989 3664 1210 3704 vacans
1262 3644 1502 3704 humilis
1554 3648 1814 3700 earmina
1866 3644 2083 3703 mentis
2125 3659 2300 3718 opus.

657 3728 817 3788 Hinc
861 3728 1110 3804 spinum
1136 3732 1270 3796 auin
1314 3736 1542 3796 armam
1586 3728 1926 3804 Sophistica
1970 3727 2146 3805 nugis
