2884 4650
558 569 686 628 ,77

202 735 273 797 Nos
290 735 411 813 patriae
431 736 547 795 utilitas
569 757 668 797 annos
690 756 850 796 numerare
873 741 1003 798 vetabat.

203 823 274 898 Quo
294 821 469 898 properas?
490 839 553 894 cur,
576 842 654 898 quae
673 822 775 881 valide
797 822 925 882 defensa
946 825 1058 886 dedisti

203 906 342 985 Oppida,
364 922 439 981 quas
461 907 550 965 toties
575 909 716 980 servasti,
737 907 854 966 deseris
876 910 983 968 arces?

202 993 330 1069 Aspice,
352 991 485 1049 luctifico
506 992 672 1050 miscentur
693 1001 727 1050 ut
747 994 852 1051 omnia
868 993 1002 1068 planctu,

203 1077 316 1140 Omnis
338 1084 371 1134 ut
393 1095 448 1135 ora
468 1095 556 1134 suum
577 1077 730 1136 desideret
749 1078 825 1136 orba
845 1087 1014 1154 parentem.

201 1161 275 1221 Heu
296 1180 350 1218 cur
371 1169 400 1220 te
422 1161 504 1220 vitiis
525 1163 593 1219 aevi
613 1162 786 1238 praesentis
807 1164 943 1238 iniquum

203 1247 300 1310 Ocior
322 1265 398 1304 aura
417 1245 507 1305 tulit?
528 1245 600 1305 Non
621 1255 652 1304 te
675 1248 818 1324 preciosa
838 1258 995 1308 morantur

202 1332 352 1410 Pignora,
375 1339 566 1409 praestantes
588 1332 669 1390 lecta
687 1350 755 1389 cum
774 1334 903 1410 coniuge
925 1336 1008 1393 nati?

203 1415 277 1476 Non
298 1416 447 1494 inculpati
468 1417 623 1476 convietus
648 1425 773 1476 strenua
792 1420 938 1490 membra,

205 1501 384 1563 Castrorum
404 1502 542 1574 comites,
565 1522 623 1578 per
643 1511 690 1561 tot
714 1502 890 1561 discrimina
909 1523 1012 1579 saeva,

203 1585 366 1646 Indeserta
385 1577 455 1644 tuae
474 1586 614 1645 fortunae
636 1589 725 1665 signa
746 1588 862 1646 secuti?

203 1675 262 1732 Ast
283 1691 353 1749 ego,
375 1689 465 1746 quem
486 1691 628 1749 suprema
646 1672 716 1731 terit
731 1672 792 1729 iam
814 1672 897 1730 calce
914 1683 1066 1750 senectus,

205 1757 287 1833 Quid
309 1756 429 1815 steriles
449 1776 559 1830 annos,
580 1757 652 1831 quid
673 1757 780 1815 inutile
802 1757 945 1817 demoror
965 1779 1084 1835 aevum,

204 1841 239 1903 Si
262 1851 361 1920 genus
383 1840 502 1900 Heroas
526 1842 611 1900 nullo
632 1843 806 1918 superabile
826 1843 910 1901 bello

203 1928 343 2000 Morbus,
368 1934 398 1983 et
416 1925 558 2002 ancipitis
578 1928 659 2004 rapit
679 1926 874 1985 inclementia
892 1927 968 1985 fati?

205 2013 232 2073 0
252 2011 365 2090 patria,
391 2033 410 2070 o
432 2012 535 2088 magni
555 2011 742 2070 dominatrix
763 2010 865 2070 Gallia
884 2012 980 2090 regni,

204 2095 239 2158 si
259 2096 329 2173 quis
352 2115 438 2155 amor
458 2097 524 2155 veri
543 2105 600 2169 est,
622 2097 648 2156 si
668 2106 698 2156 te
724 2104 776 2154 tua
794 2096 921 2154 vulnera
942 2105 1080 2175 tangunt,

203 2182 290 2241 Pelle
312 2181 404 2240 situm
426 2182 520 2240 senii:
542 2182 653 2240 nubem
676 2182 809 2240 eluctare
828 2181 946 2240 veterni

203 2267 340 2343 Antiqui,
361 2285 553 2344 mersumque
578 2267 663 2345 gravi
682 2275 772 2345 caput
793 2286 886 2326 exere
906 2285 1026 2327 somno.

205 2357 246 2414 At
263 2354 398 2412 nondum
421 2352 535 2423 clades,
555 2354 689 2412 nondum
709 2363 763 2411 tna
784 2354 893 2411 funera
915 2353 1035 2412 sentis?

203 2438 357 2498 Paulatim
380 2439 545 2515 floremque
568 2439 687 2511 ducum,
710 2438 844 2513 bellique
864 2439 1021 2497 ministros

205 2524 361 2601 Carperis.
384 2524 441 2583 hos
460 2524 583 2582 morbus
597 2524 688 2599 rapit,
707 2525 765 2582 hos
778 2525 861 2581 Mars
881 2524 993 2599 impius
1006 2524 1119 2582 hausit.

203 2610 311 2669 Funde
331 2619 385 2667 tuo
406 2608 547 2667 lacrimas
570 2627 743 2684 supremum
765 2626 876 2666 munus
898 2608 1032 2667 alumno.

204 2692 271 2757 Stet
293 2693 437 2753 tumulus.
458 2693 605 2752 tumulum
625 2695 725 2771 signet
747 2692 943 2771 superaddita
967 2712 1086 2754 caussa.

202 2779 294 2838 Hunc
316 2779 473 2851 tumulum',
496 2787 527 2836 et
547 2778 654 2837 tumuli
673 2778 792 2836 titulum
816 2797 872 2836 sua
884 2777 988 2838 Gallia
1007 2786 1096 2855 rapto

204 2864 401 2937 Castanidae,
422 2883 482 2940 quc
507 2864 590 2921 mille
613 2865 704 2923 duces
728 2863 831 2922 amisit
852 2864 884 2921 in
905 2882 977 2923 uno.

357 2958 428 3010 Obiit
445 2972 512 3009 anno
533 2957 606 3021 1595,
625 2958 667 3009 111
686 2960 746 3011 Kal.
764 2960 891 3010 Vlllbria.

279 3115 344 3173 Deo
364 3124 423 3189 opt.
448 3133 524 3173 mou.
545 3135 659 3175 sucrum
683 3124 710 3174 et
729 3120 880 3174 memoriae
898 3126 1040 3174 cateruae.

191 3234 197 3243 .
246 3198 404 3257 Ludovico
435 3197 588 3259 Castaneo
615 3200 818 3259 Prulliacensi
845 3208 875 3258 et
905 3196 1118 3258 Malavallensi

204 3284 324 3355 baroni,
339 3281 439 3343 (lustri
450 3284 564 3345 Posaei
573 3286 678 3345 Tufoll
691 3293 721 3343 et
732 3288 854 3344 Abennr
866 3281 1118 3353 domin0,utrius·

204 3388 262 3444 que
283 3369 399 3428 ordinis
419 3370 512 3445 equiti
534 3371 784 3448 torquat0,1regio
803 3372 883 3428 intra
902 3385 1021 3427 sacrum
1042 3364 1118 3425 Gal·

203 3454 312 3512 liarum
349 3455 565 3514 consistorium
596 3456 785 3528 consiliario,
819 3463 935 3512 turmae
965 3452 1117 3529 quinqua·

203 3540 289 3617 ginta
318 3540 451 3613 equitum
475 3542 737 3618 cataphractorum
762 3539 936 3616 praefecto,¹
960 3537 1120 3615 utriusque

202 3624 309 3683 limitis
342 3624 538 3685 Lemovicani
564 3627 630 3684 vice
655 3627 741 3703 regia
760 3624 878 3696 rectori,
903 3643 922 3681 a
943 3623 1041 3701 primo
1066 3642 1117 3681 ae·

203 3709 275 3768 tatis
298 3709 440 3769 tirocinio
462 3712 493 3769 in
517 3711 633 3770 actibus
653 3709 784 3790 publicis
803 3727 839 3766 ac
856 3708 976 3769 bellicis
995 3717 1119 3767 strenue

204 3814 240 3854 ac
257 3793 390 3852 fideliter
412 3804 546 3870 versato,
562 3797 666 3857 multis
683 3794 889 3872 legationibus
906 3814 963 3871 pro
977 3793 1119 3854 christia·
