2884 4650
717 554 865 646 j*-

264 753 292 792 χ
379 721 532 778 Innocuos
556 737 654 778 mores
678 727 708 776 et
730 720 797 779 sine
818 721 899 793 labe,
919 727 1010 777 notat

336 805 405 866 Uno
429 812 616 883 argumento,
639 804 756 880 pictura
774 806 903 882 insignis
925 806 957 861 in
980 825 1051 877 una,

379 889 521 950 Culturae
541 897 570 946 et
591 909 708 948 morum
733 891 831 967 signa,
855 890 992 962 Melisse,
1014 891 1105 966 geris.

494 1060 544 1116 32.
589 1061 628 1115 Ia
648 1057 730 1114 [stlta
753 1061 905 1115 eorundem
925 1061 1088 1134 imipaiam.

335 1145 416 1204 Lilia
436 1143 643 1219 Francigenae
665 1142 792 1199 fuerant
805 1143 939 1219 insignia
961 1146 1072 1220 gentis,

379 1229 466 1290 Celta
489 1227 537 1286 cui
560 1228 656 1286 victus
681 1226 801 1284 subdita
820 1227 901 1285 colla
920 1228 1010 1286 dedit.
1030 1236 1033 1242 '

336 1315 426 1374 Nunc
449 1333 495 1385 ea,
518 1312 573 1370 sed
596 1310 719 1369 vixdum
742 1313 853 1371 veteris
877 1314 1064 1391 cognominis
1087 1316 1210 1389 haeres,

328 1409 331 1424 '
380 1398 533 1459 Confusus
557 1397 682 1456 Francis
703 1395 822 1454 hibrida
845 1396 952 1458 Gallus
975 1399 1083 1459 habet:

336 1487 376 1544 Et
399 1483 482 1541 nullo
506 1481 615 1560 gentis,
640 1481 722 1539 nullo
744 1481 862 1542 virtutis
884 1485 1011 1555 honore,
1116 1495 1119 1500 ’

381 1567 523 1644 cognatis
547 1566 677 1624 maculat
701 1573 860 1626 stemmata
879 1570 983 1645 prisca
1003 1569 1094 1628 uotis.

337 1657 395 1714 Ast
415 1653 469 1711 tibi
492 1652 540 1710 vel
563 1651 676 1727 duplici
696 1660 766 1709 sunt
791 1654 892 1712 debita
914 1655 989 1725 iure,
1014 1656 1150 1725 Melisse‚

380 1737 469 1811 Quod
490 1738 585 1795 virtus
608 1745 637 1793 et
658 1755 734 1813 gens
758 1740 812 1798 illa
832 1741 942 1798 dedero
966 1737 1030 1798 tibi.

567 1913 617 1970 33.
662 1915 700 1969 Ia
721 1914 882 1987 Imcpinem
902 1911 1023 1968 Melissi.

339 1992 466 2052 Caetera
486 1998 620 2054 membra
644 1997 703 2055 mei
727 1996 934 2072 spirantiaque
958 2015 1012 2054 ora
1031 2002 1152 2072 poetae,

379 2080 511 2138 Artificis
533 2083 632 2158 potuit
652 2083 776 2159 pingere
797 2082 887 2140 doctu
908 2099 1035 2151 manus;
1069 2125 1071 2129 ,

338 2162 399 2223 Sed
419 2184 533 2238 verum,
555 2174 585 2224 et
606 2167 706 2224 vivum
728 2174 837 2238 vatem,
863 2174 1015 2241 totumque
1036 2163 1208 2237 Melinum,

379 2249 568 2324 uxpressum
590 2251 622 2307 in
644 2259 751 2309 nostro
772 2259 895 2326 pectore
921 2250 1050 2327 sculpsit
1068 2269 1164 2308 amor.

398 2418 447 2475 34.
492 2421 692 2479 Illustriseimo
722 2422 847 2479 Domino
875 2421 1001 2479 Hem-ico
1029 2422 1187 2491 Borbouio,

620 2506 803 2565 Dumbarum
824 2506 965 2582 Pre'acipe'⁸

340 2585 366 2644 Ο
391 2605 479 2660 quem
500 2597 530 2647 te
553 2590 663 2663 dicam,
686 2591 825 2666 quoniam
848 2590 999 2649 natalibus
1023 2590 1117 2647 audes

379 2672 480 2731 Altius
502 2674 621 2734 eximiis
645 2676 803 2735 exeruisse
825 2684 924 2752 caput.

339 2752 388 2814 Tu
411 2775 505 2832 genus
529 2758 667 2818 Heroum
692 2762 799 2819 studiis
819 2769 907 2835 atque
933 2760 1048 2819 artibus
1073 2759 1147 2819 olim

381 2840 509 2899 Missum
531 2863 586 2919 per
606 2845 708 2922 Reges
733 2853 861 2903 stemma
882 2846 975 2903 tueris
995 2864 1087 2905 avos·

339 2928 379 2984 At
400 2927 508 3000 quibus
529 2927 675 2988 illustreis
701 2938 785 2988 ortus
807 2938 914 2987 natura
936 2931 1068 3008 negavit,

380 3010 440 3069 His
460 3012 553 3071 virtus
576 3014 672 3073 instar
691 3014 855 3074 nobilitads
878 3016 943 3073 erit.

338 3095 378 3153 Et
399 3096 469 3154 licet
492 3098 530 3154 ad
549 3098 668 3156 laudem
693 3100 790 3157 cuncti
815 3120 991 3178 grassemur
1010 3100 1140 3159 honesto

382 3179 531 3255 Consilio,
554 3202 670 3245 merces
692 3204 755 3242 nou
774 3179 873 3243 tamen
896 3205 993 3261 aequa
1013 3193 1123 3243 manet.

340 3264 421 3323 Nam
445 3268 539 3325 virtus
564 3268 642 3326 alios
665 3270 804 3328 homines
827 3268 981 3329 Heroibus
1003 3277 1122 3345 aequat,

380 3350 518 3410 Heroum
540 3361 629 3411 natos
650 3355 705 3412 sed
724 3355 808 3412 iubet
827 3373 897 3414 esse
922 3356 1017 3415 Deos.

339 3602 524 3663 Francorum
546 3608 621 3665 nulli
643 3524 761 3687 Regini
783 3526 903 3684 ἐξὲξ
918 3609 1080 3669 secuudum

384 3685 483 3747 Trans
506 3693 601 3751 maria
623 3694 725 3753 evexit
743 3694 908 3770 relligionis
931 3714 1026 3753 amor.

341 3770 398 3829 Ille
416 3773 589 3850 triumphati
611 3781 716 3855 spoliis
739 3778 875 3841 Orientis
898 3787 1036 3852 onustus,
