2884 4650
707 514 858 607 Q

330 684 467 744 Cinctum
487 681 598 754 ederis,
617 680 838 753 tauriirontam,
858 680 1049 739 Mamertion
1069 700 1241 743 amoenus.

328 768 446 841 BaiuIe,
466 768 555 825 trime
576 774 675 843 patara
697 766 925 838 vestifrou'dem,
947 765 1169 843 erigerentem.

330 852 503 925 Oomsntis,
526 850 643 911 Consul
662 850 760 922 Iovis,
783 857 814 907 et
832 849 1035 927 Proserpinae
1055 872 1180 928 opacae,

329 938 437 998 Editus
460 956 570 995 arcuum
593 937 667 994 nixu
687 935 851 1013 purissime
873 934 951 993 Diez
1022 976 1026 982 -

330 1025 439 1083 Anuue
461 1020 630 1099 suppliciis,
651 1028 681 1079 et
701 1020 813 1079 blando
834 1020 959 1078 numine
979 1021 1106 1097 sponde,

330 1109 436 1168 Mitem
457 1107 588 1165 animum
612 1106 741 1182 spirans,
767 1105 908 1163 cinctutis
930 1105 1091 1181 proximus
1111 1108 1204 1167 assis.

331 1279 373 1338 30
639 1274 762 1332 Carmen
786 1274 941 1333 Saliorum.

331 1364 576 1441 Ambarvatores‚
600 1358 728 1435 vestigia
750 1359 848 1417 ahena
867 1355 1052 1436 prementes,

333 1447 446 1509 collini
469 1444 555 1516 Salii,
577 1442 770 1516 Salisubsuli,
802 1451 833 1502 et
853 1444 1015 1516 satuentes,

331 1531 507 1603 Pulsifides,
530 1536 559 1585 et
574 1528 710 1606 talipedi,
733 1528 802 1586 leue
820 1529 1037 1605 persultantes,

331 1614 492 1693 Armigeri,
512 1613 689 1691 vigilesque,
712 1614 909 1691 magistrique
933 1613 1131 1686 ominifausti,

331 1697 430 1761 Matri'
450 1698 606 1777 lugatinae
630 1698 763 1757 latrones
785 1706 875 1773 atque
898 1696 1029 1770 Camilli,

332 1785 461 1864 Augusti
484 1784 522 1842 ad
541 1784 690 1843 sermonis
710 1784 814 1841 adeste
836 1783 999 1841 faventiam
1018 1781 1159 1856 amicam,

331 1872 372 1932 Et
391 1890 510 1947 semper
530 1870 648 1946 placata
668 1868 815 1927 oooum‘te
838 1876 939 1926 mente
961 1866 1103 1926 bubulco.

333 2042 371 2100 31
576 2037 697 2096 Carmen
722 2038 875 2095 Mineruae
900 2036 1019 2112 Captae.

332 2124 517 2203 Magnanimi
537 2123 621 2181 Iovis
644 2122 775 2199 unigena
796 2123 900 2197 stirps,
920 2121 982 2180 Dia
999 2120 1149 2194 Minerva,

331 2211 393 2270 Dia
411 2212 509 2281 beata,
531 2206 632 2280 ferox,
653 2207 826 2281 bellierepa,
847 2206 991 2279 Neriene,

332 2295 423 2355 Dicta
444 2294 566 2366 indicta,
588 2292 692 2353 itidem
716 2292 919 2365 celeberrima,
942 2299 972 2350 et
993 2290 1201 2351 antriooloua:

273 2426 275 2430 ·
334 2380 557 2442 concelebrans
582 2386 685 2454 ruptas
710 2389 854 2455 seruposa
871 2377 985 2453 palatia
1002 2384 1116 2448 cautes,

332 2465 527 2540 Deliciasque
548 2473 625 2536 tuas,
649 2463 792 2521 viridaria
810 2463 959 2521 montium
979 2480 1083 2538 opaea,

333 2552 540 2627 Armipotens,
564 2550 651 2607 furiis
672 2550 768 2626 figens
792 2548 933 2606 mortalia
955 2547 1057 2605 cordae

334 2635 439 2694 Torvo
459 2635 626 2693 animorum
648 2634 793 2692 exercitio
815 2632 945 2692 Bellona
965 2633 1080 2709 virago.

333 2719 526 2796 Atriparens,
544 2720 679 2778 tedarum
701 2737 822 2794 expers,
843 2717 1107 2795 Gorgouitrueida.

334 2805 388 2864 Tu,
403 2804 494 2863 Furia
511 2805 678 2876 infandum,
701 2804 852 2881 sapientia
873 2803 940 2862 sola
961 2804 1122 2874 bonorum,

334 2891 401 2950 Mas
426 2896 456 2946 et
475 2889 587 2948 femina
608 2889 811 2964 Bellipotens,
833 2889 992 2947 indostrua
1012 2895 1086 2961 tota,

334 2977 511 3047 Vortumna,
533 2983 623 3050 atque
646 2983 768 3032 excetra
786 2976 887 3048 ferox,
910 2973 1049 3045 fanatica,
1071 2973 1212 3046 honesta,

333 3059 437 3120 Ultrix
459 3058 571 3132 Titani,
590 3058 800 3136 Phlegrensis,
822 3059 946 3135 equiria,
965 3056 1054 3136 volgi.

335 3145 439 3221 Capta,
460 3145 556 3202 malae
577 3163 676 3202 noxae
692 3147 877 3218 Averruuoa,
898 3143 1033 3204 Feretrio
1054 3142 1150 3221 virgo.

334 3229 399 3288 Iam
421 3230 501 3302 lucu,
524 3237 625 3302 noctu,
646 3248 787 3305 supremo
808 3231 992 3306 intempore
1012 3246 1133 3303 quoque

335 3317 444 3373 Anuue
464 3315 611 3387 adoranti,
636 3322 666 3372 et
685 3333 791 3390 pacem
815 3315 924 3393 largire
944 3316 1072 3385 beatum,

336 3399 535 3475 Temporibus
556 3400 675 3471 faustis,
694 3399 892 3474 satiatemque
911 3407 1001 3474 atque
1020 3398 1161 3473 salutem,

242 3539 245 3548 ,
336 3482 458 3557 Caesia,
483 3491 512 3542 et
532 3485 709 3560 artiparens,
732 3483 857 3542 multum
878 3485 973 3544 votita
994 3481 1130 3542 Camilla.

336 3649 376 3711 32
512 3654 608 3712 Divae
633 3653 776 3712 Victoriae
797 3652 937 3729 suffimen,
955 3671 1071 3711 manao.

337 3737 472 3816 Obsecro
492 3743 522 3794 te
544 3738 678 3796 Victoria
695 3757 766 3814 pos,
788 3738 960 3816 fflufissium
979 3756 1091 3811 rerum,
