2884 4650
751 508 812 570 280

704 594 857 603 ——-—

326 678 422 754 ζ(70)
612 673 733 737 Arason
757 672 947 758 θηλυτέρων.

323 764 416 823 Forte
437 762 511 821 duas
537 762 617 821 inter
637 762 734 835 solus,
756 763 933 837 mediusque
958 762 1118 823 sedebam:

367 848 456 905 Illam
479 846 633 921 ardebam,
656 848 735 907 hane
754 869 817 907 non
839 846 962 905 loedere
984 855 1083 909 certus
1106 868 1202 911 erem.

324 935 432 1009 Meque
454 933 592 992 trahebat
612 952 734 991 emaus:
758 953 814 1010 ego
839 932 1024 991 furabundus
1046 943 1077 991 et
1098 935 1154 994 isti

366 1016 439 1077 Non
461 1017 534 1077 totis
553 1019 648 1077 labris
670 1017 777 1077 oscula
797 1036 892 1095 pares
912 1017 1035 1075 dabam:

325 1103 460 1165 Alterius
482 1102 593 1162 fallens
617 1103 757 1161 ardorem
780 1102 907 1175 scilieet,
930 1103 995 1161 eius

365 1187 496 1247 Discidii
518 1206 644 1247 caussas
668 1188 787 1246 aemula
808 1188 901 1246 verbe
923 1187 1044 1246 timens.

323 1273 472 1350 Ingemui,
496 1271 621 1349 dixique
641 1273 742 1346 simul,
764 1272 919 1332 Fortassis
943 1272 1039 1330 emori

367 1357 507 1433 Undique
527 1358 709 1434 supplicium
733 1378 800 1435 par,
822 1365 853 1416 et
870 1376 984 1431 amore,
1002 1356 1076 1415 mihi
1093 1364 1151 1417 est.

326 1524 425 1602 ζ(71)
612 1520 653 1585 Ἦ
675 1524 773 1606 πάρος
797 1523 952 1607 ἀγλαΐῃσι.

323 1611 385 1670 Illa
406 1610 488 1685 prius
508 1610 590 1669 fastu
609 1618 746 1688 turgens,
767 1612 880 1670 iactare
899 1611 1028 1688 capillos

369 1693 463 1755 Sueto
482 1696 578 1771 prius,
603 1697 691 1771 pexis
711 1696 766 1753 illa
788 1697 921 1774 superba
941 1696 1048 1768 comis,

324 1778 418 1841 Sueta
438 1782 516 1839 meis
537 1781 698 1840 desideriis
721 1781 859 1855 illudere,
882 1782 1012 1841 formam

365 1866 518 1925 Perdidit:
542 1866 611 1924 huic
632 1867 746 1944 digitos
769 1887 844 1945 ruge
865 1867 972 1926 senilis
995 1874 1070 1925 arat.

323 1950 426 2010 Ubera
446 1952 617 2025 subsidunt,
642 1952 750 2010 cecidit
768 1954 866 2025 frons,
893 1952 1008 2010 luminu
1027 1960 1175 2025 marcent,
1231 1970 1236 1977 ·

364 2039 493 2097 Anuoso
515 2038 646 2095 titubant
667 2039 759 2096 balba
778 2038 891 2097 labella
914 2057 1002 2097 sono.

323 2121 476 2182 caniciem
497 2122 609 2181 vindex
628 2142 705 2181 voco
730 2142 841 2181 numen
862 2123 996 2183 Amoris.
1020 2130 1050 2180 et
1069 2141 1203 2199 aequum

364 2207 491 2281 Iudicat,
514 2216 543 2265 et
565 2207 688 2267 tumidis
714 2217 837 2267 strenua
860 2226 963 2285 poena
982 2228 1040 2266 ven
1048 2208 1082 2265 it.

324 2373 419 2450 (02)
604 2373 689 2456 Αὐτή
717 2397 770 2456 μοι
792 2372 959 2456 Κυθέρεια.

321 2457 362 2516 Et
382 2457 533 2534 Cytherea
552 2470 675 2538 potens,
701 2471 732 2520 et
752 2467 899 2522 Amorum
920 2463 1049 2522 candidu
1069 2464 1159 2522 turbe

365 2542 401 2599 In
423 2546 523 2603 tabem
547 2547 668 2606 solvent
690 2547 750 2606 iem
773 2569 827 2608 cor
849 2549 940 2606 inane
957 2549 1041 2607 mihi.

322 2625 393 2684 Non
411 2631 520 2704 patiar,
544 2651 657 2707 pueros
675 2653 807 2710 propero
830 2635 856 2693 si
879 2634 990 2694 stultus
1011 2645 1127 2693 emere:

363 2711 448 2770 Labe
471 2716 572 2788 etism,
595 2736 655 2791 qua
674 2739 738 2776 non
760 2719 878 2795 turpior
903 2719 978 2792 ulla,
1001 2719 1117 2778 cedem.

321 2795 392 2857 Una
414 2796 454 2855 sit
476 2799 509 2856 in
532 2801 650 2877 culpem
672 2804 781 2862 mulier
803 2805 893 2863 satis:
917 2805 974 2862 hac
993 2823 1050 2882 ego
1073 2823 1211 2880 peccem,

363 2881 523 2940 Pittnlace.
545 2886 586 2942 At
606 2905 733 2961 pueros,
757 2889 861 2962 stulte,
880 2889 1021 2966 relinquo
1045 2889 1109 2947 tibi.

323 3051 435 3144 ζ(73)ο
564 3045 609 3110 Ἢ
629 3049 668 3132 ῥά
687 3074 722 3132 γε
742 3054 793 3115 καὶ
817 3053 852 3116 σὺ
879 3053 1017 3117 Φιλιννα.

320 3141 370 3199 An
392 3136 542 3196 desiderio
564 3155 632 3193 mea
655 3141 790 3216 tangeris
811 3136 883 3219 ergo
905 3142 1071 3201 Philinus?

363 3225 507 3301 Langues
530 3221 686 3282 exhaustis
706 3225 811 3283 tabida
830 3226 1019 3288 luminibus?

315 3313 371 3372 An
392 3308 530 3386 placidos
550 3306 648 3382 carpis
670 3327 806 3382 somnos,
826 3319 857 3368 et
877 3311 979 3370 nullus
997 3312 1121 3372 Amoris

363 3395 555 3471 Respectus:
577 3409 667 3450 curse
689 3411 765 3450 curs.
784 3413 841 3452 nee
858 3395 920 3454 ulls
941 3416 1028 3456 mene
1049 3399 1117 3458 est?

321 3480 492 3556 Expectant
508 3488 538 3538 te
558 3497 649 3538 saevo
671 3477 766 3550 vices,
792 3479 973 3555 dentemque
997 3483 1106 3542 videbo
1185 3535 1189 3542 .

364 3564 465 3624 Imbre
489 3583 545 3642 per
565 3564 705 3642 indignus
726 3581 822 3638 usque
840 3564 967 3623 cadente
988 3585 1093 3643 genus.

320 3650 358 3712 In
380 3649 483 3710 multis
504 3651 609 3710 Venus
633 3656 680 3708 est
702 3648 818 3707 varium
841 3655 872 3704 et
893 3650 1047 3709 mutabile.
1070 3652 1137 3712 solo
1157 3654 1221 3714 boc

364 3734 503 3798 Eximiae
525 3736 614 3796 elstis
638 3753 760 3812 semper
781 3732 887 3808 inique
906 3734 973 3792 tuit

677 3982 706 4057 ,θ

300 4062 676 4468 r
799 4092 962 4466 n
