2884 4650
610 559 671 618 339

187 727 330 787 Vitulans
353 737 480 787 ovanter
500 737 594 786 morte
615 727 744 786 confecti
765 727 838 785 viri:

189 811 252 873 Sed
274 813 353 870 circa
375 831 492 890 puppes
517 814 622 872 ultimo
646 822 737 871 aucto
757 813 880 887 spiritus

187 898 338 969 Excurso,
360 897 471 957 amaris
494 898 614 974 ignibus
636 898 827 970 cremabitur,

187 983 290 1040 Iovem
313 983 460 1060 Fugalem
482 983 614 1059 plurima
635 983 774 1042 incalans
796 1001 888 1060 prece

187 1070 301 1127 Amara
321 1068 385 1124 fata
408 1076 598 1126 concremato
619 1059 765 1127 aiertere.

187 1151 255 1210 Nec
277 1171 380 1230 agger,
401 1161 453 1210 aut
474 1154 581 1211 navale
603 1153 871 1230 propugnaculum,

187 1236 255 1296 Nec
277 1239 464 1297 crebrisurus
480 1238 601 1314 pluteus
620 1247 710 1314 atque
733 1238 886 1307 scansilia,

187 1321 262 1380 Non
282 1323 391 1381 iuverit
410 1323 516 1396 lorica,
543 1342 602 1381 non
623 1324 784 1399 pinnarum
807 1341 897 1400 opus,

189 1406 251 1468 Sed
270 1408 353 1466 fumo
374 1415 407 1465 ut
430 1427 486 1465 axe
508 1409 705 1485 conglobatae
728 1408 877 1483 apiculae,

187 1492 318 1569 Vaporis
341 1512 425 1564 aura,
448 1494 631 1568 turriumque
653 1495 790 1566 verbere,

187 1578 214 1636 Ε
237 1596 340 1654 puppe
363 1578 530 1652 rostrisque
553 1586 644 1654 atque
666 1587 832 1636 rostrorum
849 1576 925 1634 ioris

189 1661 296 1721 Crebri
316 1663 502 1737 petauristas
524 1672 554 1720 et
576 1663 724 1722 sedilibus
748 1663 812 1721 suis
975 1653 986 1676 ‘

188 1746 275 1807 Saltu
295 1748 484 1825 peregrinam
507 1749 704 1806 cruentabant
726 1749 859 1804 humum.

187 1832 363 1908 Procosque
385 1833 493 1891 multos
516 1832 664 1892 Graeciae
683 1833 864 1909 palmarium

188 1917 289 1975 Hasta
308 1918 452 1989 ferentes,
476 1918 608 1976 inclutos
631 1918 786 1992 prosapia,

188 2002 275 2060 Tuae
294 2002 410 2061 feroces
434 2009 530 2060 morte
552 2003 727 2060 mactabunt
747 2019 855 2058 manus

188 2088 276 2146 Tabo
298 2095 451 2158 cruentae,
473 2104 574 2145 amore
596 2087 669 2145 belli
693 2086 889 2164 asperrimae.

188 2171 252 2233 Sed
270 2172 338 2248 ipsa
360 2173 471 2230 luctum
492 2191 551 2229 non
572 2173 720 2230 minorem
743 2171 905 2248 perferam,

188 2259 259 2316 Tuo
281 2277 336 2335 per
356 2277 443 2315 omne
465 2267 582 2316 maesta
605 2267 724 2335 tempus
746 2257 863 2314 funere.

187 2342 271 2403 Nam
288 2343 354 2401 dira
373 2344 414 2401 mi
434 2344 490 2401 illa
511 2343 576 2401 dira
597 2343 731 2402 lucescet
752 2342 829 2415 dies,
921 2336 924 2340 ’

189 2428 457 2503 Gravissimusque
478 2429 622 2501 luctuum,
646 2430 718 2487 anni
742 2448 800 2505 quo
819 2445 909 2487 senes

189 2513 310 2573 Circum
333 2521 469 2572 rotantes
490 2513 667 2573 Noctilucae
687 2513 825 2572 viderint.

187 2599 262 2657 Heu
285 2599 343 2656 heu
361 2599 525 2676 gemendus
550 2608 579 2656 et
600 2600 672 2656 mihi
691 2601 746 2657 flos
769 2605 817 2655 est
834 2606 915 2669 tuus,

190 2684 219 2744 O
240 2683 333 2758 pulle,
351 2684 447 2742 dulcis
468 2685 526 2741 heu
549 2685 705 2759 parentum
730 2684 859 2756 sarcina,

188 2772 304 2828 Amore
328 2788 452 2827 saevum
475 2769 526 2844 qui
551 2769 712 2828 draconem
736 2768 878 2826 saucians

189 2856 230 2913 Et
248 2853 329 2911 illice
348 2854 423 2931 igni,
448 2855 642 2929 sauciumque
661 2850 814 2929 compede

190 2938 286 2998 Grata
308 2957 452 2997 coercens
475 2949 594 3016 tempus
615 2940 763 3017 ingratum
786 2939 887 3009 breve,

189 3027 220 3085 A
243 3025 345 3083 saucio
368 3044 427 3081 non
448 3024 514 3099 ipse
533 3025 653 3083 saucius
676 3034 788 3096 tamen,

190 3110 362 3168 Truncatus
388 3128 470 3166 aram
490 3117 521 3166 tu
545 3111 715 3169 cruentabis
738 3108 843 3184 patris.

189 3194 262 3254 Heu
283 3213 329 3251 me
352 3194 513 3268 misellam,
535 3202 565 3251 et
582 3214 637 3270 par
656 3196 819 3272 benignum
840 3192 1001 3268 virginum,

189 3280 351 3355 Tuumque
372 3281 460 3338 bruta
480 3298 649 3355 conqueror
671 3281 764 3338 fatum
786 3278 887 3336 canis:

190 3364 326 3437 Quarum
350 3382 486 3424 sororem
509 3374 591 3423 terra
614 3366 714 3423 nutrix
737 3365 863 3422 alteram
929 3390 935 3401 .

189 3450 306 3508 Hiulca
325 3449 481 3509 devorabit
500 3451 597 3509 infero
619 3470 712 3528 specu

189 3533 305 3594 Adulta
326 3536 460 3611 proxime
482 3536 648 3594 intuentem
669 3530 867 3601 incommoda,

190 3619 261 3692 Qua
281 3620 342 3677 late
363 3621 461 3679 avitus
480 3620 565 3679 lucus
587 3630 617 3677 et
634 3623 756 3679 bustum
778 3616 869 3691 lupae

189 3707 277 3763 Iacet
297 3704 435 3781 sepultae
456 3705 610 3763 adulterae
633 3724 701 3763 cum
724 3702 798 3759 lilio.

188 3790 373 3865 Priusquam
396 3810 483 3867 opem
506 3790 654 3866 mulgeret
673 3788 776 3847 infans
797 3785 937 3855 lacteam,

841 3880 907 3942 22·
