2884 4650
566 552 718 647 *bd—5-

182 719 307 792 Vinule,
328 718 498 791 Multivole,
521 720 734 791 internuntius,
757 720 924 797 Argilethe‚

182 804 316 881 Alipeo,¹
329 813 359 862 et
380 804 553 863 mortalium
577 824 673 878 amor,
698 800 842 864 sermoni'
861 805 1012 865 minister:

184 888 283 963 Quem
296 888 391 962 fraus,
403 908 492 966 quem
502 892 665 949 certamina
676 890 810 959 adulant,
823 890 942 949 almiser
953 891 1095 950 omnium.

182 974 339 1050 Interpres
362 975 470 1032 variae.
483 974 608 1052 linguai,
629 974 773 1033 Nundine
793 975 896 1047 Liber,

184 1057 392 1137 Sanguineum
414 1068 538 1137 gestans
563 1061 726 1119 caduceum
745 1059 831 1137 pacis
853 1060 947 1117 amice

181 1144 287 1221 Frugi,
310 1142 484 1217 Goruciota,
506 1145 659 1218 Locuteie,
680 1146 749 1218 Ais,
768 1146 868 1217 beate,

183 1232 285 1305 Atque
306 1248 427 1304 operum
451 1229 564 1302 Titule,
589 1239 618 1288 et
641 1229 751 1288 Titane
772 1230 943 1289 necessibu'
962 1230 1073 1288 rebusz

182 1315 225 1372 Et
245 1314 415 1372 mortalibu’
434 1315 617 1391 praesidium
639 1314 812 1373 venerabile
833 1314 956 1391 linguae
962 1335 972 1385 ;

183 1400 279 1459 Adsis
301 1400 400 1459 oranti
423 1400 504 1458 vitae
526 1399 640 1458 addens
662 1400 778 1459 exitum
798 1400 937 1471 amicum,

185 1482 277 1543 Cultu
295 1504 430 1561 operum,
453 1485 582 1543 memori
601 1485 705 1557 menti,
727 1480 910 1565 sermonibu’
930 1482 1027 1542 lectis.

396 1651 517 1711 Carmen
537 1652 662 1711 Liberae
683 1654 885 1730 Proserpinae.
1056 1654 1099 1714 28

183 1734 299 1795 Libera
318 1738 502 1813 magnanimi
521 1738 605 1798 Iovis
627 1738 851 1797 adsis.incluta
868 1737 983 1813 proles,

184 1820 327 1897 Unigena
344 1822 498 1899 princeps,
527 1830 591 1881 esto
614 1823 672 1881 hoc
691 1823 835 1880 libamine
854 1830 970 1881 macta:

185 1904 307 1965 Coniux
328 1904 410 1965 Ditis
433 1908 562 1979 honore,
585 1907 655 1965 boni
675 1906 849 1983 largissima
869 1906 956 1965 victi:

185 1988 270 2063 Quae
293 1992 348 2049 sub
370 1990 537 2049 visceribus
559 1999 655 2049 terrae
678 1991 844 2050 domineris
865 1993 996 2063 Averno,

184 2075 306 2149 Parios,
333 2083 362 2133 et
384 2075 533 2149 cinciana,
555 2076 697 2150 Iovisque
721 2076 843 2153 insigne
864 2094 1063 2153 propagmen,

185 2162 358 2219 Manatum*
371 2161 513 2237 genitrix,
535 2160 620 2221 Iovis
640 2156 792 2218 infernati’
815 2160 946 2219 tribuna.

186 2244 284 2319 Quam
306 2262 412 2320 pusem
434 2263 545 2305 arcano
565 2241 642 2305 Iovi'
667 2246 783 2305 semine
803 2246 1026 2322 progeneravit.

187 2333 287 2390 Mater
309 2330 480 2408 multicrepi
502 2332 643 2391 Volturni
665 2332 801 2390 maxima
821 2329 927 2404 Consi,

185 2417 303 2475 Lucina
325 2417 476 2493 speciose,
498 2425 529 2475 et
545 2425 700 2494 percoque
721 2416 960 2493 Temperierum,

186 2500 283 2574 Seria,
304 2503 461 2578 regnatrix
482 2503 635 2573 Larunda,
655 2497 785 2580 frugibu'
809 2501 954 2578 gliscens,

186 2585 344 2663 Corniger,
364 2585 504 2661 illustris,
527 2583 698 2646 mortalibu’
721 2594 808 2664 grata
829 2586 946 2663 virago,

184 2671 288 2741 Flora,
310 2672 484 2748 gramineae
509 2692 599 2749 quam
622 2671 753 2730 oblectat
777 2671 901 2748 spiritus
925 2687 1025 2742 aurae,

186 2751 299 2832 Corpu’
320 2764 404 2814 tuum
424 2757 579 2816 oblectans
602 2756 714 2814 Terrae
736 2751 928 2813 viridantibu’
947 2755 1052 2829 foetis,

185 2841 363 2900 Nummeria
383 2850 413 2900 et
432 2843 526 2916 foeta,
546 2841 691 2900 Autumni
714 2843 771 2899 sub
791 2849 925 2916 tempore
948 2842 1077 2912 nubens,

185 2926 269 2995 Vita,
290 2926 395 2984 itidem
417 2946 501 2986 mors
524 2927 593 2986 sola
612 2926 716 2984 eadem
740 2925 914 2985 mortalibus
936 2928 1047 3005 aegris,

186 3011 359 3085 Fordicide‚
383 3013 494 3070 etenim
519 3013 581 3070 fers
603 3012 714 3084 omnia,
740 3018 770 3069 et
791 3011 893 3069 omnia
914 3011 1026 3070 caedis.

185 3095 256 3154 Huc
276 3097 349 3155 hera
367 3098 428 3169 sis,
451 3097 553 3173 fruges
574 3115 591 3154 e
612 3104 693 3154 terra
712 3096 849 3154 funditus
872 3097 960 3154 educ:

185 3181 306 3239 Blande
325 3200 400 3258 pace
423 3182 541 3259 vigenS,
562 3181 738 3256 illibataque
761 3181 870 3252 salute,

185 3266 226 3324 let
247 3266 313 3324 vita.
331 3267 431 3326 fauste
449 3267 551 3325 mitem
571 3266 690 3344 legante
714 3266 852 3337 sulutem,

187 3351 235 3411 Ad
258 3359 310 3409 tua
328 3353 441 3428 templa
462 3352 540 3424 Dee,
562 3359 592 3410 et
612 3353 694 3428 potis
717 3351 856 3410 indufera
876 3348 953 3406 atria
973 3346 1066 3405 Ditis.

294 3571 297 3578 .
454 3521 556 3580 Laberi
574 3523 682 3592 Patris,
705 3531 833 3578 ataraca.
1058 3513 1099 3574 29

187 3604 336 3664 Liberum
358 3623 415 3682 ego
435 3624 570 3679 veneror,
589 3605 865 3682 crepericreperum
884 3601 1059 3674 statuentem,

187 3689 404 3768 Primigenem,
424 3691 588 3768 geminum,
600 3689 792 3765 vBrumalem,
812 3696 918 3762 terque
937 3692 1086 3757 renatum,

189 3771 1099 3853 Cornigerumagrestem,obscurum,arcanum‚duiformem,

837 3869 877 3932 25
