2884 4650
710 500 860 595 *tr—tro-

328 669 400 751 set
603 662 649 729 .‘H
672 671 767 749 γραῦς
787 667 808 745 ἡ
832 662 971 749 Βάκχου.

325 754 482 815 Pernicies
504 754 632 813 calicum
650 754 778 827 Baucis,
796 754 867 811 dnm
890 753 969 810 forte
992 752 1106 811 iaceret

342 902 343 907 ,
368 839 567 918 Aegra,10vi
584 840 663 898 tales
686 839 817 915 concipit
836 857 889 896 ore
910 856 1035 915 preces:

327 924 363 987 Si
384 925 484 984 morbi
505 926 580 982 dura
601 926 677 982 haec
697 924 840 981 incendia
859 923 978 1000 fugero,
1001 929 1120 981 centum

370 1008 461 1071 Soles
486 1010 523 1067 de
544 1029 619 1086 puro
638 1029 701 1068 non
720 1008 782 1067 nisi
801 1009 887 1067 tonte
909 1008 1012 1065 bibam

326 1095 447 1169 Sobria,
460 1102 640 1169 temetoque
662 1112 780 1153 carens.
806 1100 880 1169 post
901 1093 1006 1150 functa
1024 1091 1140 1169 periclo

369 1181 453 1239 Luce
473 1180 528 1237 iila
547 1178 602 1237 tali
623 1178 737 1255 cogitat
756 1185 821 1236 arte
844 1177 960 1236 dolum:

326 1265 413 1340 Quod
436 1272 539 1323 versat
556 1264 708 1336 manibus,
740 1282 796 1339 per
817 1263 923 1320 crebra
937 1261 1089 1319 foramina
1110 1261 1241 1319 cribrum

368 1350 507 1426 Inspicit,
530 1356 560 1407 et
578 1349 661 1407 soles
684 1348 795 1406 callida
812 1347 896 1405 mille
917 1347 1006 1405 videt.

330 1516 400 1599 β47
549 1510 682 1575 Ἦθελον
708 1512 744 1574 οὐ
767 1510 882 1595 χρυσόν
902 1534 935 1573 τε
956 1512 1016 1573 καὶ.

328 1602 469 1679 Optarim
490 1600 565 1658 mihi
585 1620 647 1659 non
668 1620 785 1673 aurum,
804 1620 863 1657 non
886 1599 999 1676 oppida
1017 1607 1127 1673 terrae,

368 1685 440 1745 Non
460 1705 535 1761 quas
556 1685 730 1745 Thebarum
753 1687 846 1743 iactat
868 1684 1019 1743 Homerus
1041 1704 1134 1762 opes:

325 1772 439 1831 Verum
450 1778 492 1829 ,ut
513 1770 605 1848 plena
622 1791 705 1830 mero
730 1778 872 1847 spument
891 1770 965 1827 mihi
983 1771 1094 1846 pocula
1105 1770 1241 1843 Baccho,

370 1855 553 1932 Summaque
571 1865 737 1933 perpetuus
755 1856 879 1932 proluat
898 1875 951 1913 ora
974 1854 1075 1914 latexr

328 1941 456 2019 Semper
478 1942 643 2000 amicorum
661 1942 773 1999 circum
794 1947 922 2017 potante
948 1959 1070 2013 corona,

369 2027 409 2085 Et
430 2028 523 2085 vitem
544 2026 695 2104 agricolae
716 2026 795 2083 falce
816 2038 973 2102 premente
995 2025 1103 2083 colant.

328 2112 424 2184 Haec,
449 2130 525 2189 quas
548 2120 659 2185 sector,
683 2129 776 2189 opum
797 2118 869 2169 sunt
887 2119 1076 2187 ‚argumenta
1098 2108 1200 2168 valete

369 2199 495 2271 Fasces,
518 2216 584 2255 cum
599 2206 695 2256 teneo
716 2196 825 2274 pocula
846 2196 939 2271 plena
960 2215 1061 2254 manu.

328 2387 345 2446 γ
361 2368 375 2425 1
592 2361 786 2449 Σωφροσύνη,
808 2361 986 2447 προφέρων.

327 2452 449 2510 Iustitia
470 2460 540 2510 ante
563 2469 667 2511 onmes
689 2451 895 2530 praestantior
915 2458 1006 2526 atque
1025 2449 1138 2525 pudore

371 2536 449 2596 Dius
471 2538 639 2597 Aristocles
665 2539 722 2596 hao
739 2537 903 2612 requiescit
924 2537 1025 2593 humo.
1120 2591 1124 2596 .

329 2620 364 2682 Si
377 2622 435 2679 cui
457 2641 548 2698 supra
569 2623 648 2683 alios
672 2642 813 2700 magnum
834 2621 984 2697 sapientia
1002 2638 1114 2677 nomen

369 2706 470 2766 Fecit:
493 2709 591 2766 maius
611 2710 712 2781 habet,
734 2727 791 2765 nec
812 2726 912 2765 comes
932 2705 1047 2764 invidia
1067 2712 1122 2763 est.

328 2874 375 2952 79
586 2869 704 2956 ’Άβαλε
727 2871 802 2955 μηδ’
826 2871 976 2954 ἐγένοντο.

329 2961 357 3021 Ο
381 2958 408 3018 si
430 2976 486 3016 nec
508 2957 606 3030 tedae,
629 2978 685 3016 nec
706 2960 778 3018 lecti
796 2962 864 3020 iura
884 2961 1026 3031 fuissent,

370 3042 465 3103 Nulla
481 3043 634 3121 puerperii
653 3044 715 3102 tela
736 3046 894 3104 tremenda
914 3047 1025 3104 forent.

327 3129 419 3190 Nunc
439 3129 534 3201 sedet,
558 3121 709 3188 attentos
732 3140 875 3207 expectat
895 3129 1026 3188 foemina
1047 3135 1165 3204 portua,

370 3219 429 3275 Ast
448 3215 520 3272 duro
541 3212 712 3272 exanimum
735 3224 840 3273 ventre
858 3225 990 3273 moratur
1013 3231 1099 3273 onus.

327 3300 395 3358 Iam
415 3309 477 3361 tres
501 3300 708 3375 circumagens
735 3302 825 3358 orbes
844 3301 898 3357 lux
914 3299 1057 3376 explicat,
1078 3317 1117 3356 ex
1138 3315 1198 3373 quo

370 3386 544 3444 Frustratur
561 3402 690 3443 nascens
712 3383 799 3441 irrita
820 3392 893 3444 vota
914 3404 999 3460 puer.
1031 3413 1039 3438 ·

329 3467 377 3530 Sit
396 3470 463 3544 tibi,
485 3471 575 3528 chare
596 3469 708 3546 puelle,
731 3468 809 3528 levis
831 3489 892 3528 non
911 3477 1002 3543 terra,
1026 3468 1081 3528 sed
1100 3465 1199 3524 alvus.

372 3553 417 3612 Τε
442 3557 553 3631 premit
572 3557 658 3629 hacc,
678 3563 759 3612 terra
782 3562 906 3613 estnec
929 3553 1088 3614 subeunda
1108 3551 1175 3610 tibi.

293 4164 629 4426 ss
