2884 4650
603 533 748 627 31*Χ

171 703 232 761 Nec
256 703 320 760 ulla
339 702 430 760 surdo
455 702 571 778 plectra
590 704 739 762 movimus
764 703 894 761 Phoebo.

170 793 207 848 At
226 805 308 845 nuno
329 786 439 846 doloso
461 788 582 847 flamma
601 789 707 847 Martis
729 787 829 846 insani

171 874 326 950 supposta
349 872 452 944 cineri,
474 891 621 948 quamque
641 874 727 950 pacis
751 879 884 930 armatae

169 959 277 1017 Fallax
299 957 400 1015 alebat
422 957 533 1030 vultus,
552 966 585 1015 ut
605 959 690 1034 prius
713 957 813 1016 stultis

171 1043 246 1120 Spes
270 1043 452 1118 suggerebat
473 1040 576 1101 Suada
595 1043 732 1101 credulas
755 1041 864 1115 Gallis,

170 1127 365 1187 Exsuscitate
385 1127 479 1185 fulsit.
501 1127 584 1184 ilicet
602 1147 743 1204 magnam

171 1212 297 1289 Inopina
318 1212 432 1269 eunctis
450 1212 576 1270 urbibus
597 1213 680 1270 dedit
701 1221 842 1288 stragem.

172 1298 256 1358 Unde
280 1296 470 1355 administrat
493 1315 584 1355 saeva
607 1298 740 1374 Erinnys
763 1297 903 1354 ardentes

172 1382 377 1440 lucendiorum
403 1381 496 1440 civico
513 1382 596 1439 faces
619 1382 710 1440 bello.

172 1467 268 1544 Quare
291 1475 372 1524 metu
394 1467 539 1538 deiectus,
560 1467 674 1525 obsitus
697 1467 789 1537 luctu,

172 1557 303 1623 Atratus,
326 1570 450 1627 exspes,
469 1553 500 1607 in
524 1560 607 1609 tuum
630 1552 729 1610 sinum
750 1551 813 1628 fugi

174 1637 334 1713 [Geuev]a‚
359 1655 436 1712 quae
459 1655 507 1692 me
528 1638 645 1712 patriae
669 1636 788 1694 exulem
811 1642 910 1693 terrae

173 1723 286 1779 Blanda
306 1730 395 1796 atque
418 1721 515 1778 amica
536 1723 660 1779 caritate
683 1721 793 1778 fovisti.

172 1808 248 1884 Ergo
270 1807 323 1864 ille
345 1806 459 1880 primus
481 1806 580 1878 ardor,
602 1807 655 1863 ille
677 1812 823 1882 cognatus

172 1891 260 1950 Nitor
278 1891 429 1950 obsolevit
449 1891 557 1948 mentis
580 1891 619 1948 ad
640 1899 739 1949 metus
761 1890 842 1961 illos,

161 1977 306 2048 Melissa,
330 1975 427 2050 qualia
450 1977 488 2033 ad
511 1973 675 2034 Caniculae
692 1977 792 2036 tabem

173 2062 278 2121 Omnis
299 2061 369 2120 silet
389 2062 463 2131 fl0s3
485 2069 514 2118 et
537 2068 638 2118 tamen
660 2061 720 2118 tuis
745 2058 864 2134 scriptis

172 2148 255 2204 Vires
278 2145 404 2222 recepit,
428 2146 524 2219 qualis
544 2146 690 2205 imbribus
714 2146 791 2204 seris

174 2231 264 2310 Seges
287 2231 406 2288 renidet
426 2247 531 2308 aegra:
555 2250 631 2306 quae
654 2232 703 2289 diu
724 2231 871 2307 languens

172 2317 295 2377 Frustra
315 2309 418 2375 coloni
441 2334 528 2393 spem
551 2319 669 2395 sagacis
693 2315 793 2375 elusit.

173 2402 253 2476 Quod
273 2402 370 2477 siquis
393 2402 471 2459 ullas
496 2401 594 2461 fomes
617 2404 697 2461 ullus
720 2402 752 2457 in
775 2400 864 2458 nobis

173 2488 299 2547 Resides
320 2488 430 2563 sepulti
449 2487 528 2545 celat
543 2488 657 2564 ingenii
682 2488 834 2554 flammas;

173 2573 277 2631 Totum
299 2574 357 2630 hoo
380 2572 433 2629 tibi
455 2573 549 2645 ardet,
570 2574 627 2631 hoc
649 2572 703 2629 tibi
724 2569 892 2629 reviviscit:

173 2658 278 2716 Totum
299 2658 358 2714 hoc
381 2657 492 2715 amoris
515 2677 589 2715 aura
610 2657 737 2715 ventilat
760 2654 861 2713 vestri.

518 2828 566 2885 30.
611 2829 726 2884 Eidem.

173 2911 288 2983 Paulle‚
311 2918 467 2985 poetarum
485 2912 533 2968 cui
552 2912 648 2971 doctis
670 2910 828 2971 frondibus
851 2912 980 2970 haerens

211 2995 315 3056 cinxit
336 2997 510 3053 honoratum
532 2997 636 3054 laurea
659 3005 740 3055 serta
763 3005 861 3073 caput,

174 3080 249 3154 Quid
269 3080 357 3153 facis,
382 3100 400 3139 ο
421 3081 528 3139 vates?
550 3083 656 3156 quibus
679 3082 778 3159 exigis
799 3082 861 3139 otia
883 3082 1002 3139 musis?

210 3170 272 3227 Aut
291 3166 400 3241 quibus
421 3166 452 3223 in
478 3166 584 3225 studiis
607 3167 722 3224 fallitur
743 3167 816 3223 hora
836 3166 912 3225 tibi?

173 3254 228 3324 An,
248 3259 371 3309 teneras
393 3251 527 3309 mulcens
549 3252 671 3327 liquidis
694 3252 866 3310 accentibus
889 3268 989 3320 auras,
1060 3292 1070 3315 ,

211 3336 330 3394 Musica
350 3354 409 3393 nen
430 3355 488 3393 uno
511 3336 620 3395 dividis
644 3356 715 3395 orsa
739 3345 826 3407 tono;

173 3420 212 3478 Ut
228 3430 257 3478 te
279 3421 404 3477 miretur
425 3421 630 3480 modulantem
651 3422 777 3498 lympha
796 3421 929 3478 Deorum

211 3505 348 3578 Rhenus,
366 3515 395 3563 et
416 3507 571 3565 exsultans
594 3508 689 3564 altera
707 3506 841 3583 nympha
859 3502 973 3563 Nicer?

173 3592 256 3647 Anne
277 3590 471 3650 Palaestinas
494 3610 657 3652 numeroso
680 3591 811 3649 carmine
833 3606 936 3647 musas

212 3673 339 3735 Solvere
361 3676 536 3737 Teutonieis
556 3696 608 3735 ora
629 3678 743 3735 diserta
762 3675 862 3733 modis

172 3758 332 3821 Instituis?
353 3761 441 3819 Felix
459 3762 561 3835 animi,
583 3762 721 3836 vitaeque
743 3761 861 3834 beatae,
