2884 4650
688 435 835 566 a

310 639 494 699 Nasceutem
514 637 679 710 Obaritum,
703 641 811 715 plausu
833 641 969 711 florente,
991 634 1112 702 chorea.

309 727 357 795 Et
369 731 422 780 tua
442 730 605 782 tractantes
630 725 743 783 vitreae
767 725 915 783 cunabula
935 723 1098 802 Nymphae

311 807 447 870 Castalio
464 828 589 884 puerum
610 809 822 870 Permessidos
848 809 943 867 iiubre
964 809 1100 887 rigarunt

245 961 248 971 ,
312 893 480 954 Confessae
502 893 665 952 dominum.
686 894 777 954 Felix
792 893 941 953 natalibds
964 913 1053 954 omen

310 979 446 1038 Pierides
467 978 603 1036 cecinere
623 981 694 1051 tuis,
716 981 883 1053 florumque
904 972 1018 1038 recenti

203 1113 207 1128 .
310 1066 351 1124 Et
370 1064 455 1141 ripae
476 1063 600 1135 virides,
622 1071 655 1120 et
672 1063 777 1123 Renue
799 1064 867 1122 risit
887 1064 990 1123 odore.

310 1150 382 1226 Ipse
404 1148 452 1208 sui
473 1147 552 1207 sacri
572 1146 687 1207 Genius
711 1147 831 1208 visurus
853 1149 986 1208 honores

310 1233 427 1306 Adfuit,
448 1232 578 1309 Assyrio
603 1233 762 1292 destillans
785 1242 922 1310 tempora
944 1233 1051 1306 nardo,

311 1320 406 1379 Festa
425 1317 618 1376 coronandae
637 1326 765 1377 testatus
784 1319 894 1396 gaudia
916 1319 1003 1392 lucis,

312 1403 460 1465 sutilibus
482 1401 581 1476 sertis,
603 1409 636 1459 et
655 1403 748 1479 plena
772 1404 847 1462 turis
871 1421 981 1461 acerra.

309 1489 361 1561 Et,
384 1505 473 1561 quem
491 1494 522 1545 te
542 1506 718 1560 memorem,
743 1489 830 1560 dixit,
848 1488 939 1560 Puer,
960 1489 1050 1565 ignea
1072 1487 1161 1566 signa

310 1573 351 1631 Et
370 1573 468 1644 iubar,
493 1578 523 1633 et
542 1572 625 1629 rutili
646 1574 726 1630 clara
747 1581 923 1650 argumenta
941 1573 1049 1632 nitoris

310 1659 466 1734 Agnosco.
489 1655 552 1716 Sed
577 1675 659 1732 pone
679 1659 765 1735 nigra
785 1678 848 1716 uox
871 1658 1019 1734 obstrepit
1041 1658 1156 1716 umbra.

312 1742 341 1803 Ο
363 1741 391 1800 si
411 1741 540 1800 vividior
558 1743 657 1801 iustos
680 1743 735 1801 tibi
757 1750 898 1818 suppetat
917 1755 1029 1801 anuos·

305 1825 455 1904 Spiritus,
479 1835 510 1884 et
528 1835 671 1901 quantum
694 1829 769 1887 satis
792 1835 838 1886 est
857 1827 1034 1886 mortalibus
1057 1829 1135 1886 aevi.

311 1909 386 1970 Non
407 1912 462 1970 tibi
482 1913 639 1970 certabunt
661 1913 758 1970 Italae
779 1912 895 1971 telluris
916 1912 1016 1984 ocelli,

243 2035 246 2039 J
311 1995 386 2056 Nou
407 1995 504 2056 Galli:
528 2017 590 2056 non
614 2015 691 2070 quos
713 1998 789 2055 aluit
811 1997 1089 2070 Germaniavates.

310 2080 380 2141 Nec
399 2101 434 2141 se
455 2082 518 2141 ullo
542 2089 656 2139 tantum
678 2082 802 2141 iactabit
821 2082 1059 2159 Belgicatellus

310 2167 452 2244 Ingenio,
475 2172 595 2224 nectet
614 2166 759 2224 miracula
780 2174 883 2224 cernet
905 2167 936 2224 iu
958 2187 1029 2225 uuo.

311 2252 361 2310 Ah
382 2252 493 2309 tibine
515 2258 653 2326 coeptum
675 2251 830 2327 praecidat
850 2251 947 2309 Parca
966 2259 1113 2310 tenorem.

310 2338 361 2397 uh
381 2338 436 2396 tibi
456 2356 495 2397 ne
515 2337 650 2395 advertat
672 2355 782 2397 saevos
805 2336 993 2395 Rhamnusia
1012 2338 1122 2397 vultus.

312 2420 426 2480 Verum
448 2442 476 2481 ο.
501 2420 563 2483 Sed
582 2422 679 2499 rigida
697 2422 769 2481 Fati·
788 2430 868 2481 stant
890 2423 991 2481 omnia
1011 2421 1088 2501 lege.

311 2505 398 2563 Haec
419 2507 472 2566 vix
493 2515 600 2565 trunca
619 2507 716 2580 Deus,
740 2507 889 2584 singultus
908 2514 1026 2565 caetera
1047 2508 1168 2582 pressit.

311 2589 387 2648 Plus
408 2592 517 2667 potuit,
538 2609 628 2666 quam
647 2601 723 2651 vota
746 2593 816 2664 Dei,
838 2592 1023 2649 lacrimabile
1043 2592 1160 2651 Fatum.

311 2673 380 2734 Nec
398 2675 497 2735 miuus
520 2676 637 2734 interea
657 2678 748 2737 sertis
771 2676 940 2735 halantibus
964 2674 1070 2734 Horae

311 2760 443 2819 Infantis
464 2778 557 2819 cunas
580 2763 743 2834 cumulant,
767 2770 797 2821 et
817 2761 927 2838 pollice
949 2780 1059 2836 presso

311 2844 487 2921 Expediuut
506 2844 606 2921 plexis
628 2847 764 2905 vaccinia
786 2847 872 2925 nigra
892 2846 1043 2921 quasillis,

311 2928 361 2989 Ne
383 2926 436 2987 tua
455 2930 592 2988 mortalia
616 2938 718 2990 suctus
741 2931 869 2989 infantia
887 2932 974 2989 lactis

312 3015 455 3087 Duceret,
475 3014 544 3089 ipsa
564 3014 619 3074 tibi
640 3016 767 3089 puerilia
783 3016 870 3075 labra
888 3016 997 3093 rigavit

311 3100 495 3161 Ambrosiae
514 3100 612 3158 succis
632 3100 840 3160 redolentibus
862 3101 963 3160 Attica
984 3099 1086 3158 Pitho.

313 3184 402 3259 Quod
422 3186 449 3245 si
469 3192 595 3243 vexaret
615 3184 723 3261 vigiles
744 3184 899 3244 insomnia
922 3204 1008 3244 curas

311 3269 541 3348 Intempestivis
564 3268 687 3328 solvens
704 3270 855 3346 vagitibus
880 3290 944 3343 ora,

311 3352 386 3413 Non
408 3363 439 3412 te
456 3355 622 3414 somnifero
647 3355 772 3413 nutricis
793 3357 903 3414 naenia
916 3362 1021 3427 ¹creatu,
1100 3402 1116 3407 ,,

311 3436 380 3499 Nec
404 3439 555 3499 delinifica
582 3439 693 3515 sopivit
714 3459 866 3498 murmure
890 3440 996 3511 lallus3

313 3521 375 3584 Sed
396 3530 426 3580 te
447 3524 528 3583 trina
549 3524 669 3597 Charis,
693 3531 723 3582 te
745 3524 851 3583 sedula
871 3527 958 3583 turba
979 3524 1151 3584 camoenae

313 3606 472 3667 Certantes
494 3610 585 3669 simul
606 3610 727 3682 officiis,
751 3606 899 3683 Sirenque
917 3611 1028 3669 Latina

311 3692 508 3753 Flexauimae
530 3693 642 3755 blando
667 3694 787 3757 Suadae
809 3693 940 3753 mulsere
961 3712 1096 3764 susurro,
