2884 4650
724 537 875 630 —35—0—

343 706 378 763 In
402 705 495 763 risum
518 724 623 763 eorum
642 704 796 763 transtulit
814 706 971 778 coloniam,

344 788 405 862 Qui
424 789 573 866 praelium
595 810 713 848 movere
737 788 868 849 Saturno
893 791 978 848 satis.

344 874 412 933 Baii
431 875 568 952 magistri
589 876 749 952 postmodo
768 876 899 947 bustum,
922 894 1010 935 casas

275 957 327 1011 695
344 959 419 1018 Post
440 961 617 1036 praeteribit
638 958 827 1031 Cimmerum,
849 970 879 1017 et
897 960 1069 1019 Plutonium

343 1048 451 1121 Aquae
473 1046 616 1120 procellis
638 1046 830 1103 fluctuantem
852 1047 1012 1122 gurgitem,

345 1131 459 1202 Ossan,
484 1130 632 1205 boumque
654 1130 764 1187 Viriati
786 1132 909 1190 semitas

345 1214 474 1287 Stratas,
496 1234 663 1291 nemusque
683 1215 813 1273 Liberae
836 1234 933 1291 pusae
954 1216 1083 1289 inferas,

345 1299 545 1375 candensque
566 1301 724 1375 flam[m]is
744 1302 975 1374 flumen,'atque
994 1302 1047 1359 ubi
1066 1303 1187 1360 aetheri

276 1386 327 1439 700
345 1385 440 1443 Tollit
465 1403 607 1443 cacumen
627 1387 730 1461 ampla
750 1404 900 1461 procapes
925 1387 999 1462 iugi,

343 1471 391 1528 Ex
413 1489 471 1545 quo
495 1470 607 1528 fluenta
630 1480 747 1542 cuncta,
770 1470 870 1528 cuncti
891 1471 1027 1528 funditus

343 1555 458 1613 Fontes
482 1574 535 1628 per
552 1575 624 1613 arva
646 1556 834 1631 dissipantur
853 1556 945 1613 Itala:

344 1640 561 1715 Linquensque
583 1642 770 1699 Lethaeonis
793 1641 855 1698 alta
877 1640 1018 1712 culmina,

344 1724 519 1800 Larumque
541 1728 703 1798 Avernum,
729 1745 818 1800 quem
839 1723 1042 1783 labrosambit
1064 1726 1182 1797 circite,

276 1813 327 1866 705
344 1809 384 1867 Ilt
403 1809 513 1867 flumen
535 1818 600 1868 atra
622 1820 708 1869 nocte
729 1809 833 1886 Cocyti
857 1812 1005 1869 obrutum.

346 1892 448 1970 Stygis
468 1895 615 1973 nigrantis
638 1896 796 1973 gurgitem,
820 1916 879 1970 qua
900 1895 1061 1953 Terminus
1106 1912 1111 1919 ’

345 1979 477 2037 Iuranda
500 1981 600 2055 posuit
619 1982 685 2038 iura
707 1982 856 2056 supremis
878 1981 956 2052 deis,

345 2065 394 2122 Ire
414 2065 446 2121 in
470 2064 616 2142 Gigantes
640 2075 729 2141 atque
752 2066 888 2124 Titanos
903 2082 1031 2142 paransz

344 2150 491 2208 Libamen
516 2150 708 2227 haustrisquc
731 2152 832 2209 aureis
853 2152 974 2209 antlans
997 2168 1105 2224 aquae,

278 2243 330 2297 710
348 2236 447 2295 Orcae
467 2235 580 2294 dicabit
599 2244 629 2292 et
650 2237 712 2295 viro
733 2236 898 2307 donarium,
966 2271 968 2278 =

347 2319 442 2382 Silam
464 2321 623 2380 columnae
646 2321 749 2380 vertici
772 2321 949 2398 appendens
972 2338 1073 2378 suam:

318 2459 324 2468 ,
346 2407 386 2464 Et
405 2415 467 2465 tres
489 2408 608 2465 necabit
629 2408 685 2464 filii
707 2405 846 2468 Salaciae
1017 2409 1021 2418 ‘

345 2491 462 2568 Pupas,
486 2511 629 2550 camenae
650 2492 755 2550 matris
776 2492 933 2549 aemulans
957 2489 1033 2561 soni,

347 2577 431 2633 lactu
449 2577 592 2636 insolenti
612 2578 772 2654 praecipes
797 2597 814 2634 e
837 2576 967 2634 culmine

278 2669 329 2720 715
347 2661 454 2719 Pinnis
477 2663 606 2722 caducas
630 2683 745 2738 aequor
766 2663 800 2719 in
822 2661 1050 2739 Tyrrhenicum,

347 2744 530 2821 Quacunque
553 2749 646 2806 amari
668 2749 735 2806 iura
755 2749 894 2808 staminis
919 2747 1046 2803 trahem.

346 2831 445 2892 Unam
468 2831 592 2891 Phaleri
610 2835 700 2892 turris
724 2834 850 2891 eiectam
869 2833 953 2890 foras

348 2915 517 2991 Glanisque
537 2919 646 2995 capiet,
669 2920 791 2978 flumine
811 2920 942 2976 irrorans
966 2917 1104 2973 humum:

348 3002 417 3077 Qua
437 3019 533 3077 pusae
554 3021 686 3060 acerram
708 3012 915 3062 construentes
936 3000 1067 3072 incolae,

280 3097 332 3150 700
348 3086 535 3146 Vitulatuum
557 3095 709 3160 strepente
731 3089 947 3164 Parthenopen
971 3105 1049 3144 sono

348 3171 495 3234 Solennia
518 3173 605 3229 deam
627 3171 798 3230 iubilabunt
819 3175 932 3231 alitem.

348 3263 389 3319 At
409 3259 491 3318 littus
512 3266 621 3316 extans
644 3257 675 3313 in
696 3257 836 3315 Veniliae
859 3259 934 3316 deae

350 3344 390 3404 Se
412 3363 563 3416 corruens,
586 3342 796 3420 cognominem
815 3343 967 3402 Leucosia

349 3428 471 3486 Petram
490 3429 614 3501 tenebit,
635 3447 695 3502 qua
715 3428 812 3486 fluens
833 3428 865 3487 ls
888 3438 919 3486 et
937 3429 1022 3485 ferox

280 3521 332 3575 725
349 3513 478 3575 Fluenta
496 3515 601 3592 pingui
621 3513 710 3572 Laris
734 3521 848 3570 eructat
868 3513 941 3571 solo.

350 3599 446 3674 Ligea
469 3609 574 3676 agetur
595 3600 627 3657 in
650 3599 799 3657 Tercnam
820 3599 979 3670 fluctuans,

351 3681 480 3744 Sulcans
499 3685 651 3760 procellae
673 3703 818 3742 murmur:
839 3682 923 3740 illam
944 3683 1064 3743 navitae

351 3768 503 3844 Linquent
525 3787 560 3828 s,
692 3768 823 3830 littorali
843 3767 968 3845 cespite,

286 4052 465 4179 ff

158 4192 329 4432 Ι
