2884 4650
559 570 709 666 -rs—

174 746 219 804 At
239 741 437 816 quodcunque
457 738 524 811 fuit,
546 741 674 816 siquod
695 741 763 816 fuit,
781 759 871 799 omne
891 738 1007 799 doloris

176 826 328 890 Sordibus
351 823 497 896 obsoluit,
519 845 617 901 neque
638 827 700 884 iam
722 825 935 902 splendescere
956 824 1038 883 cultu

176 912 317 974 Sustinet
337 909 505 986 ingenium,
529 911 640 987 duplici
661 911 745 987 quod
768 910 874 968 funere
893 910 1008 968 sensim

175 995 289 1057 efferri
308 994 475 1056 sentimus:
499 995 593 1054 hebes
613 1015 684 1056 nam
705 996 837 1053 luctibus
859 995 1008 1067 hircant,

175 1083 260 1142 Hinc
282 1081 382 1156 ipsum
405 1079 528 1155 frangit,
549 1098 628 1154 quae
647 1082 761 1158 frangit
774 1087 891 1152 ennete,
915 1088 1070 1139 senectus:

176 1167 220 1228 Ut
240 1165 396 1242 quondam
418 1164 506 1224 senio
529 1165 636 1224 rimam
659 1166 791 1225 faciente
813 1165 943 1223 dehiscit

176 1253 244 1311 Iam
268 1250 368 1328 putris
389 1249 506 1325 paries:
531 1252 654 1328 proprio
676 1271 751 1310 mox
770 1249 906 1327 pondere
927 1257 1055 1308 tractum

177 1338 216 1396 In
236 1335 424 1412 proclinatas
447 1343 642 1410 prosternunt
662 1337 786 1395 flamina
807 1342 920 1412 partes.

182 1421 307 1483 Scilicet
332 1419 479 1495 exequias
502 1428 604 1480 vestro
627 1422 671 1480 sic
692 1422 737 1480 ire
757 1420 875 1496 parenti

180 1507 249 1566 Hac
271 1523 329 1582 ope
353 1503 496 1578 nitentes,
519 1506 577 1564 hac
599 1507 696 1578 cultos
720 1513 821 1563 mente
842 1502 978 1562 iubetis?

179 1591 321 1666 Namque
346 1609 384 1646 ex
405 1607 463 1663 quo
485 1591 539 1648 toli
561 1610 614 1649 vos
640 1593 731 1651 orbos
752 1599 838 1667 petre
858 1588 980 1663 reliquit

183 1677 282 1754 Nigra
304 1675 385 1745 dies,
407 1676 487 1752 turpi
508 1675 626 1734 macula
647 1695 725 1752 quae
748 1676 831 1735 secla
851 1682 958 1732 notare

180 1761 252 1822 Non
274 1759 372 1819 verita
392 1768 451 1833 est,
477 1769 562 1820 tanto
587 1761 657 1819 dum
678 1762 778 1837 privat
800 1760 899 1820 sidere
919 1758 1073 1829 mundum,

181 1850 231 1906 Ex
252 1846 309 1903 hoc
328 1843 413 1902 nulla
433 1844 508 1904 mihi
524 1846 695 1904 diffundunt
713 1846 824 1924 gaudia
842 1844 974 1902 vultum:

182 1934 221 1991 Et
242 1949 321 2008 quae
343 1937 415 1988 snut
435 1931 542 1990 solitae
563 1932 653 2008 vulgo
676 1931 773 1988 lenire
793 1929 926 1988 dolorem

182 2017 239 2076 Vel
259 2015 348 2087 ratio,
372 2014 422 2072 vel
440 2014 535 2094 longa
559 2016 635 2090 dies,
656 2017 763 2074 harum
785 2015 883 2072 altera
903 2019 1006 2069 tantae

182 2104 322 2161 lacturae
343 2100 483 2160 meritum
506 2102 599 2159 menti
622 2101 741 2162 obiicit:
764 2100 859 2158 altera
877 2098 970 2174 longo

184 2185 328 2248 Carnifici
352 2201 441 2242 curae
458 2186 537 2246 vires
557 2188 684 2261 acquirit
706 2187 744 2244 sb
765 2203 852 2243 aevo.

183 2273 300 2335 Ultima
321 2271 478 2331 restabant
500 2272 599 2331 animo
621 2273 734 2333 solatia
754 2271 845 2343 victo,

185 2358 267 2432 Quas
294 2376 313 2413 a
334 2374 383 2413 me
405 2358 539 2435 exigitis,
561 2376 658 2433 neque
681 2378 730 2417 me
754 2358 864 2415 debere
886 2354 1012 2424 fatebor,

184 2443 299 2502 Dulces
318 2439 468 2515 Pierides,
489 2462 659 2521 generosae
681 2442 795 2520 pabula
816 2440 926 2499 mentis

185 2527 338 2590 Suavibus
358 2526 390 2583 in
411 2527 518 2587 studiis
540 2528 705 2588 Heliconia
725 2546 813 2587 sacra
834 2523 974 2584 colentis:

185 2613 253 2688 Qua
276 2631 339 2669 non
360 2620 408 2670 est
425 2614 525 2671 animo
545 2614 644 2689 potior
664 2614 815 2673 medicina
835 2607 971 2681 tumenti,

186 2699 286 2774 Quum
309 2695 395 2755 dolor
415 2699 546 2775 egeritur
566 2698 711 2771 lacrimis,
736 2697 948 2774 explendisque
972 2694 1043 2751 lietu

187 2784 268 2846 Oura
289 2782 375 2840 novis
392 2781 446 2842 iris
470 2802 576 2842 omnes
600 2785 727 2843 effundit
745 2785 891 2842 habenas.

187 2870 249 2932 Sed
268 2885 329 2925 nos
352 2868 507 2927 Musarum
531 2879 679 2929 secretum
700 2870 786 2928 triste
811 2873 948 2944 petentes

186 2953 303 3015 Nescio
326 2952 394 3027 quis
412 2973 526 3031 pravae
547 2954 714 3015 dulcedinis
735 2954 842 3012 efferat
862 2969 954 3023 error,

186 3037 334 3101 Absentis
357 3058 508 3099 memores
531 3040 627 3117 figens
647 3042 679 3099 in
701 3040 833 3116 imagine
854 3054 980 3097 sensus:

189 3126 250 3203 Qui
269 3123 341 3181 dum
362 3124 518 3200 praeteriti
539 3126 692 3185 convictus
713 3131 866 3201 computat
887 3121 964 3193 aevi,

187 3215 288 3286 Atque
311 3207 371 3267 sibi
395 3210 549 3271 blanditus
572 3211 603 3269 in
625 3212 706 3269 omni
726 3210 845 3286 quaerit
865 3208 994 3266 amicum

189 3294 348 3355 Historiae
367 3294 499 3368 cumulo,
520 3298 578 3355 heu
598 3297 716 3372 quoties
739 3296 857 3354 obiecta
876 3290 981 3369 figuris

188 3381 280 3442 Lusit
300 3379 481 3439 amabilibus
503 3400 655 3441 memores
678 3382 800 3441 insania
821 3373 950 3439 sensus?

188 3467 271 3526 Nam
290 3484 466 3541 quocunque
488 3485 573 3525 meos
596 3467 757 3525 circunfert
776 3465 866 3523 lectio
885 3461 982 3529 visus,

190 3552 254 3615 Seu
272 3570 362 3626 quem
384 3551 518 3610 iustitiae
538 3553 635 3626 dotes,
657 3560 708 3610 aut
730 3551 827 3630 gretie
846 3563 975 3615 morum,

188 3641 253 3699 Aut
274 3638 349 3695 iuris
371 3638 563 3697 commendet
584 3658 675 3715 apex,
695 3645 748 3695 aut
768 3632 867 3711 gloria
886 3631 1018 3708 linguae,

189 3723 307 3785 Unicus
330 3724 459 3781 occurrit
480 3724 568 3783 nobis
589 3724 746 3795 Puteanus
768 3720 800 3777 in
819 3717 881 3775 illis

189 3807 351 3885 Exemplis
377 3808 532 3869 decorum:
555 3811 627 3885 quia
645 3826 733 3883 quem
757 3811 903 3881 congesta
925 3802 1053 3863 decebat
