2884 4650
722 597 873 694 *13⁶-

342 764 557 848 Σπανιύτερος
579 762 732 832 Φοίνικος.
750 759 805 826 Ἐκ
826 761 976 846 στόματος
996 760 1100 825 λύκου.
1157 747 1161 766 “

342 848 483 932 Σπάρτης
506 847 763 932 ἐλευθερώτερος.
783 846 925 911 Γλαύκου
948 845 1051 930 τέχνη.

341 932 467 1017 Σπείρει
488 932 625 1016 κύμινον.
650 931 716 1041 Σχῆ
743 955 774 1008 α,
795 933 847 994 καὶ
868 931 1049 1016 τριώβολον.

293 1030 296 1039 “
342 1015 507 1081 Σπεύδοντ’
532 1017 675 1101 ὀτρύνεις.
702 959 742 1080 ΤΤ
752 1018 830 1099 γαλῆ
854 1013 1039 1099 Ταρτησσία.

342 1100 525 1187 Σοβαριτικῆ
547 1101 694 1185 τράπεζα.
717 1100 869 1185 Περδίκου
895 1099 1012 1167 σκέλος.

342 1184 525 1272 Σύμβυυλος
546 1187 627 1270 ἱερὸν
647 1190 764 1271 χρῆμα.
787 1183 913 1268 Μάρτυς
935 1183 1066 1248 οἴκοθεν.
1132 1245 1133 1254 ,

342 1269 518 1355 Συρακοσία
537 1271 682 1354 τράπεζα.
709 1270 822 1339 Δοῖδυξ
849 1269 981 1339 αὐξάνει.

328 1352 391 1431 ,Τὰ
410 1354 643 1438 καλὰχαλεπά.
668 1351 731 1437 Τῆς
746 1353 938 1438 Ἀμαλθείας
958 1351 1059 1437 κέρας.

343 1434 406 1502 Τᾶν
429 1443 590 1523 πορφυρᾶν
614 1437 787 1523 λιχνότερα.
810 1435 839 1500 Κ
861 1438 1004 1520 αυγάζεις
1018 1432 1126 1500 Ὕλαν.

343 1518 407 1592 Τὰς
430 1524 465 1586 ἐκ
488 1521 644 1607 φαρέτρας
663 1525 808 1607 ψηφιθας.
832 1461 964 1607 Τύρβεις
981 1526 1094 1586 κακῶν.

343 1603 464 1692 Ταχεῖα
487 1607 586 1669 πειθὼ
610 1614 670 1670 τῶν
693 1612 806 1670 κακῶν.
831 1607 877 1670 Δι’
898 1607 1042 1691 ἅρματος.

343 1686 466 1777 Τελχίν.
489 1688 563 1754 Βίυν
586 1696 626 1776 ζῆ
645 1691 817 1775 πνεύμονος
838 1692 1014 1755 θαλαττίου.

343 1772 515 1859 Τεμεσαῖος
534 1777 628 1860 ῆρως.
653 1772 751 1844 Ούτος
773 1776 867 1845 ἄλλος
885 1773 1052 1860 Ἡρακλῆς.

343 1856 485 1943 Τήνελλα
505 1861 688 1929 καλλίνικος.
711 1856 757 1924 Οὐ
777 1861 804 1923 δ’
827 1862 909 1924 ούτω
931 1865 1043 1928 κακῶς.

343 1941 407 2028 Τῆς
427 1945 550 2029 μητρὸς,
573 1947 677 2029 ὥσπερ
701 1945 761 2019 αἲξ,
785 1944 1053 2029 καλῆθανάτους
1074 1941 1159 2006 όνου.

343 2025 382 2092 Τί
403 2032 480 2114 πρὸς
499 2030 550 2092 τὸν
565 2027 700 2114 Ἑρμῆνς
714 2025 808 2098 Ὀνος
827 2029 908 2112 άγων
932 2030 1092 2114 μυστήρια.

343 2109 383 2176 Τί
401 2119 533 2198 πρῶτον,
554 2115 573 2197 ῆ
598 2115 628 2176 τί
645 2114 772 2177 ὕστατον
780 2139 789 2191 ;
812 2111 943 2177 Βολίτου
967 2113 1045 2195 δίκη.

257 2205 263 2213 ’
343 2193 383 2260 Τί
401 2221 451 2261 σοι
472 2196 635 2262 Ἀπόλλων
658 2197 846 2283 κεκιθάρικ’;
862 2198 978 2282 Ἀργου
1002 2199 1108 2282 λόφος.

343 2279 464 2346 Τίλλειν
489 2282 658 2367 φαλακρόν.
679 2282 787 2354 Ἀετὸς
810 2283 932 2369 φεύγων
952 2282 1055 2346 λύκον.

345 2363 388 2431 Τὸ
410 2373 466 2451 γρύ
487 2368 614 2436 Δίωνος.
638 2366 698 2431 Τὸν
720 2368 823 2438 ξόοντ’
845 2368 1001 2438 ἀντιξύειν.

344 2447 388 2516 Τὸ
411 2452 527 2536 θερμὸν
548 2454 671 2539 ὀβελυύ.
696 2450 732 2515 T'
754 2454 914 2538 ἀλλότριον
940 2454 1021 2537 ἀμᾷς
1041 2452 1144 2538 θέρος.

344 2530 388 2600 Τὸ
408 2536 555 2600 θετταλὸν
579 2536 728 2623 σόφισμα.
753 2537 914 2622 Πελλήνης
931 2540 1035 2623 χιτών.

345 2615 388 2682 Τὸ
413 2626 529 2706 σχάμα,
550 2624 601 2685 καὶ
625 2623 659 2685 τὸ
686 2623 780 2707 βᾶμα.
803 2622 1017 2704 Μελλονικιᾷν.

344 2698 388 2767 Τὸ
411 2705 568 2791 Φρυνίχου
591 2709 763 2789 πάλαισμα.
783 2707 932 2793 Σαρδόνος
951 2706 1059 2789 γέλως.

345 2782 496 2871 Τραγικὸς
515 2791 656 2875 πίθηκος.
677 2789 901 2878 Εὐγενέστερος
922 2788 1058 2874 Κόδρου.

345 2865 540 2969 Τραγῳθικόν
565 2876 723 3023 ῆίλέπουσι.
748 2876 827 2947 Θεὸς
849 2876 1023 2959 ἀνενδεῆς..

344 2950 563 3041 Τρικέφαλοςζ
598 2964 685 3044 ρμῆς.
709 2958 774 3025 Τοῦ
797 2962 912 3046 πατρὸς
933 2962 966 3023 τὸ
988 2960 1121 3023 παιδίον.

341 3034 459 3188 ξμίψαι
480 3041 657 3147 πρόσωπον.
676 3042 796 3127 (Ομόσε
815 3050 929 3132 χωρεῖν
951 3049 995 3130 τῷ
1014 3044 1128 3131 χρόνῳ.

336 3126 444 3297 ὝθΤοὰρ
459 3128 569 3294 δόένιθῖ
583 3126 985 3300 Τόόδτῗῆλςηθοέῆνόθθθύθθνν
1011 3214 1112 3283 λύκος.

341 3292 607 3382 Ὑπερβερεταῖος.
630 3296 728 3367 Αὖθις
750 3298 789 3362 αὖ
811 3299 940 3364 Πυθῶδ’
965 3301 1046 3367 ὁδός.

341 3375 544 3468 Ὑποσχέσεις
565 3380 718 3466 Χάρητος.
733 3381 790 3453 Ὗς
815 3384 988 3469 ἐκώμασεν.

335 3460 395 3534 Ὗς
415 3468 469 3548 τῆν
488 3465 635 3551 Ἀθηνᾶν.
654 3464 694 3529 Ἡ
717 3470 806 3553 χάρις
826 3471 915 3555 χάριν
938 3468 1036 3555 φέρει.

347 3546 667 3637 Φορμορραφούμεθ’.
689 3549 885 3638 Εὐλαβεῖσθε
905 3556 956 3617 τὸν
980 3555 1066 3617 κύνα.

346 3630 488 3698 Φύλαττε
511 3639 562 3700 τὸν
584 3638 725 3721 θιύρακα.
750 3635 878 3708 Τιτᾶνας
896 3640 1009 3707 καλεῖς.

347 3716 433 3803 Φρύξ
455 3721 551 3802 μηδὲν
573 3722 662 3806 ῆττον
686 3720 872 3807 Σπινθάρου.
898 3720 982 3791 Βούς
1005 3724 1036 3786 έν
1057 3723 1157 3787 πόλει.

347 3801 490 3873 Φώκειος
512 3803 631 3889 ἔρανος.
650 3805 691 3871 Ἡ
713 3808 886 3893 χαρώνειυς
907 3807 998 3891 θύρα.
