2884 4650
720 583 872 679 ...ff-

341 752 547 829 Omniparens
569 751 696 824 caelum,
716 750 859 825 caeloque
881 749 1036 827 adscripta
1056 760 1215 828 potentum

338 836 477 896 Foedera
495 837 638 910 fatorum,
658 836 798 896 iuvenem
818 836 994 913 contingere
1015 837 1105 910 vitae,

341 922 426 998 Quas
450 919 698 994 Telamoniades,
721 929 909 995 matrumque
933 922 1054 980 orbator
1073 924 1212 983 Achilles

340 1006 537 1085 Contigerant
559 1014 667 1079 metas,
687 1025 740 1064 cur
756 1005 920 1078 invidistis,
943 1013 976 1064 ut
992 1007 1081 1066 anuis

339 1091 474 1152 Heroum
495 1093 584 1163 vitas,
606 1091 715 1150 animis
738 1098 882 1165 aequaret
903 1091 1059 1150 honores?

339 1177 410 1238 Heu
432 1176 604 1236 miserande
625 1195 711 1253 puer,
733 1183 765 1234 tu
784 1193 864 1233 nunc
883 1175 980 1252 primo
1004 1177 1118 1236 occidis
1138 1195 1233 1240 aevoc

341 1261 476 1335 Occidis,
503 1268 532 1318 et
553 1260 685 1319 iuvenile
701 1260 796 1318 decus
818 1260 902 1319 Mars
921 1260 1032 1336 impius
1054 1262 1168 1337 hausit,

340 1346 450 1422 Qualia
470 1346 569 1422 prima
588 1363 664 1404 novo
687 1345 827 1404 canentia
847 1345 922 1404 flore
943 1345 1072 1422 ligustra

337 1426 463 1492 Decutit
483 1431 598 1503 afflatu,
621 1431 672 1505 qui
696 1429 810 1488 decutit
831 1431 942 1503 omnia,
963 1440 1081 1491 ventus.

339 1518 388 1577 Ah
410 1515 530 1592 qualem
552 1515 665 1573 luctum
684 1514 799 1592 linquis
822 1515 970 1590 matrique
987 1518 1134 1592 petrique,

339 1605 438 1676 Atque
462 1601 537 1662 tuis!
569 1601 657 1658 matri
676 1608 746 1658 ante
767 1601 857 1673 alios,
880 1618 958 1674 quae
978 1609 1051 1659 vota
1068 1621 1237 1678 precesque

341 1685 564 1761 (londuplicans
588 1685 747 1763 sublimem
767 1685 799 1743 in
821 1704 898 1761 equo
917 1695 947 1742 et
960 1685 1145 1763 fulgentibus
1161 1691 1256 1750 armis

340 1772 467 1831 Miserat
489 1771 520 1829 in
540 1769 664 1843 bellum,
687 1789 743 1828 nec
765 1770 857 1828 talem
872 1778 997 1829 ,moesta
1014 1773 1169 1850 recepit[‚]

341 1855 403 1918 Sed
424 1855 543 1934 gelidos
564 1863 658 1929 artus,
681 1855 831 1915 sedunus
853 1854 947 1912 fatale
966 1856 1080 1914 feretri.

339 1941 431 2000 Parte
454 1941 516 1999 alia
533 1941 626 2000 nullis
649 1941 817 2000 novitatum
841 1939 986 1998 exterrita
1004 1943 1147 2002 monstris

341 2025 479 2105 Simplex
502 2027 658 2098 nobilitas,
684 2035 713 2083 et
737 2027 841 2084 nescia
861 2026 959 2102 pestis
980 2026 1099 2099 Iberae,

339 2113 514 2171 Extinctum
533 2111 647 2188 lugent,
671 2111 832 2186 versisque
852 2109 1024 2186 insignibus
1049 2130 1155 2170 omnes

339 2197 509 2256 Funeream
529 2196 641 2252 ducunt
662 2205 870 2271 pompam„et
890 2194 1055 2272 iunguntur
1076 2196 1161 2255 inani

343 2281 462 2342 Officio.
483 2288 515 2339 tu
534 2299 592 2338 non
613 2279 725 2358 gemitu
748 2279 930 2339 revocabilis
953 2279 1016 2341 ullo

341 2365 487 2427 Conciliis
509 2366 656 2439 Heroum,
678 2374 708 2424 et
729 2364 865 2425 coetibus
886 2366 999 2424 interes
1019 2366 1092 2439 illis,

341 2451 428 2527 Quos
449 2451 579 2511 discreta
598 2458 719 2509 tuentur
744 2453 781 2509 ab
803 2451 887 2509 omni
906 2450 1012 2509 limina
1032 2451 1131 2529 vulgo,

339 2536 471 2609 Limina,
495 2556 571 2611 quae
594 2537 653 2596 nisi
675 2538 803 2596 victores
818 2536 961 2595 insistere
983 2537 1030 2595 fes
1053 2545 1109 2609 est,

341 2619 486 2697 Quosque
505 2621 679 2697 triumphali
701 2622 815 2681 velavit
832 2621 936 2679 laurea
954 2620 1069 2694 fronde,

339 2707 402 2764 Aut
422 2706 530 2780 quibus
552 2706 686 2765 illustres
709 2706 860 2766 umbravit
883 2707 978 2765 civica
1002 2706 1112 2765 vultus.

341 2790 401 2848 Hic
422 2790 476 2847 tibi
497 2810 559 2849 non
579 2810 676 2866 aequo
699 2807 794 2867 passu
815 2791 928 2867 templa
946 2790 999 2848 illa
1021 2794 1138 2867 petenti

342 2875 459 2935 Obvius
479 2893 641 2933 occurrens
663 2876 771 2951 aliquis
796 2876 833 2934 de
853 2883 943 2953 gente
964 2876 1099 2936 Deorum

341 2958 388 3017 Te
409 2966 510 3017 coetus
531 2959 622 3017 trahit
643 2960 675 3018 in
695 2959 813 3019 medios
833 2980 1052 3037 procerumque
1072 2960 1254 3038 ducumque,

340 3046 525 3104 Francorum
541 3063 694 3119 procerum
715 3053 804 3119 atque
820 3047 938 3119 ducum,
952 3047 1004 3122 qui
1019 3046 1149 3105 fortibus
1166 3049 1253 3107 ausis

340 3131 433 3189 Parta
446 3136 647 3205 „reportarunt
667 3130 755 3188 toties
776 3148 817 3187 ex
837 3132 923 3190 hoste
945 3133 1102 3208 trophaea.

342 3215 407 3275 Olli
428 3212 562 3275 sidereos
585 3213 696 3286 vultus,
720 3222 750 3271 et
770 3214 880 3274 frontis
900 3218 1048 3275 honestae

341 3301 487 3359 Mirantes
511 3298 629 3357 culmen
649 3318 840 3375 generosum,
862 3310 892 3358 et
911 3302 1046 3359 membra
1067 3300 1179 3360 decora

340 3384 469 3461 Expleri
489 3393 640 3461 nequeunt
661 3384 805 3457 animum,
827 3404 1038 3463 memoresque
1055 3386 1197 3446 iuventae

340 3468 440 3543 Fient,
460 3478 550 3546 atque
572 3469 735 3528 extinctum
756 3468 820 3527 fato
843 3471 1024 3529 miserantur
1045 3471 1166 3530 acerbo.

342 3552 418 3614 Cum
439 3574 512 3613 vero
535 3555 653 3633 palmas
675 3561 845 3627 numerant,
868 3563 897 3612 et
918 3556 1011 3614 fortia
1030 3557 1121 3628 facta,

342 3638 428 3697 Tunc
446 3638 545 3697 iustae
569 3640 693 3698 credunt
714 3657 854 3697 numeros
882 3641 1025 3715 explesse
1051 3647 1204 3701 senectae.

342 3724 429 3783 Tunc
448 3723 560 3799 laetum
576 3725 701 3785 Paeana
720 3731 839 3782 canunt
867 3732 937 3781 tunc
961 3728 1088 3785 vocibus
1103 3726 1210 3785 aether

341 3808 462 3882 Fervet,
482 3816 512 3867 et
534 3809 651 3870 alterno
670 3810 773 3869 fremit
792 3802 899 3889 ingens
920 3811 1004 3888 regia
1020 3812 1142 3888 plausu.
