2884 4650
764 488 828 549 teo

719 573 870 583 ...-

342 657 461 720 Sistens
484 660 651 717 obscoenas
674 659 793 733 speeies
817 656 934 716 ennoias
954 659 1132 717 animorum.

321 846 324 855 ’
341 826 382 885 39
429 826 537 887 Cereris
554 830 655 887 matria
664 828 874 887 Eleasiuiemia
887 828 1026 903 suffimen,
1039 838 1167 887 atarneo.

340 913 431 972 Alma
450 911 543 971 Ceres
565 920 661 971 mater
680 911 805 983 Divum,
828 912 1025 971 celeberrima
1045 912 1118 987 Dia,

340 998 462 1071 Rumia,
485 1004 592 1057 saneta
610 996 715 1070 Palea,
744 997 825 1073 oopis
847 996 1021 1074 largissima
1042 997 1124 1071 vieti,

342 1084 455 1143 Omnia
477 1083 564 1155 dans,
585 1082 699 1160 fruges,
724 1090 755 1139 et
772 1100 858 1158 opes,
879 1081 1029 1155 Pomona,
1052 1080 1194 1159 Segesta,

342 1168 473 1227 Tantum
491 1168 708 1227 concelebrans
730 1185 848 1244 paoem,
871 1166 1082 1244 agricolaeque
1102 1168 1240 1231 labores:

342 1252 482 1325 Semona,
501 1252 676 1325 AeoumuIa,
697 1252 840 1324 tritutrix,
861 1252 1124 1329 frugiparensque,

342 1336 428 1412 Quae
450 1344 595 1413 angustae
615 1337 748 1395 sacraria
766 1336 922 1395 Eleusinis
944 1337 1119 1397 dominaris.

342 1421 530 1494 Oinoanda,
551 1421 692 1499 benigna,
713 1422 868 1480 hominnm
890 1422 1100 1498 placidissima
1120 1426 1235 1498 nutrix,

341 1506 427 1581 Quae
443 1506 527 1581 prior
543 1506 693 1584 agricolas
715 1506 844 1565 iunxsti
855 1508 911 1565 sub
932 1507 1068 1583 plaustra
1086 1508 1219 1584 triones,

342 1591 499 1650 Illeaebris
519 1592 620 1649 mitem
641 1591 784 1650 edulcans
804 1587 977 1650 mortalibn'
999 1593 1125 1652 vietum:

341 1677 420 1736 Aeni
436 1674 625 1749 adolescens,
646 1677 885 1753 Brumorumqne
907 1677 1032 1750 sodalis,
1054 1678 1178 1737 honora

341 1761 447 1835 Lucia,
470 1762 672 1839 taedigerens,
693 1781 862 1822 messorum
883 1758 1003 1819 falcibu'
1026 1763 1175 1839 gaudens.

342 1846 481 1905 Tellumo
502 1855 545 1920 tu,
564 1855 656 1923 tuque
677 1846 817 1919 illustris,
837 1854 930 1920 tuque
951 1843 1082 1905 omnibu¹
1104 1849 1222 1923 ridens,

340 1932 521 2005 Proletaria,
544 1951 651 1992 amans
670 1940 771 2004 natae,
791 1931 862 1990 Dea
880 1931 991 1989 Rumia
1013 1933 1125 2006 nutrix,

342 2016 428 2091 Quae
450 2018 567 2095 biiuges
588 2018 693 2095 auriga
713 2018 823 2094 iugens
851 2016 889 2073 ad
909 2016 998 2074 frena
1018 2016 1169 2092 oolubraa,

342 2103 499 2161 Amfraotu
519 2103 658 2161 oiroaneo
683 2121 757 2161 ovas
779 2109 833 2159 tua
852 2120 901 2158 am
922 2102 992 2160 sola
1010 2110 1125 2161 saneta.

341 2188 493 2265 Unigena,
510 2195 540 2245 et
551 2188 647 2258 forda,
663 2194 752 2262 atque
765 2186 917 2245 hominnm
936 2188 1155 2264 augustissima
1170 2207 1254 2262 eura,

344 2272 425 2349 Quoi
449 2281 519 2333 sunt
541 2274 702 2350 omnigena
719 2280 751 2330 et
772 2272 844 2348 quoi
865 2271 1084 2350 frugiparentia
1104 2272 1196 2333 volta.

342 2359 423 2436 Ergo
446 2359 505 2416 huo
529 2359 730 2435 spioigerente
751 2375 933 2435 gravescens
955 2377 1078 2418 munere
1093 2359 1254 2433 adesdum,

342 2444 506 2502 Adduoene
527 2462 634 2521 paoem
658 2451 687 2500 et
708 2442 810 2520 legum
831 2443 995 2501 eoncordia
1012 2444 1089 2516 iura,

343 2527 514 2603 Fertileque
534 2531 609 2587 uber
630 2546 733 2604 opum,
759 2536 790 2585 et
808 2527 956 2604 pollentia
978 2528 1059 2586 dona
1082 2529 1202 2588 salatia

345 2699 385 2756 40
495 2699 671 2773 Empandae
688 2700 790 2755 mania
811 2697 951 2772 suffimen,
974 2707 1115 2756 aromata.

345 2783 548 2857 Omnipotens
567 2781 727 2858 Empanda
746 2800 869 2858 parens,
891 2781 1086 2840 celeberrima
1107 2781 1181 2856 Dia,

344 2869 440 2926 Mater
455 2865 712 2944 Ooeligeuumque
723 2866 834 2939 Deum,
855 2873 885 2924 et
897 2867 1064 2925 mortalium
1074 2867 1254 2940 homonum,

345 2951 429 3026 Quae
452 2950 524 3010 olim
547 2970 651 3010 errans
674 2952 828 3010 desiderio
847 2952 967 3028 perfixa
984 2953 1092 3010 nitenti

345 3036 452 3099 Soleta
472 3055 505 3094 ee
528 3036 558 3093 in
578 3035 733 3098 Eleusinis
753 3036 867 3094 ieiunia
883 3036 974 3109 valle,

344 3124 445 3184 Furta
466 3121 571 3180 obiens
594 3120 800 3196 Proserpinae
821 3121 1037 3198 omnipotentis
1059 3125 1194 3194 Averna,

344 3209 418 3286 Ipsa
439 3208 545 3266 dueem
566 3205 725 3264 offendens
746 3226 853 3282 purum
874 3227 936 3266 non
958 3226 1033 3282 pura
1053 3205 1200 3281 puellum,

344 3293 527 3352 Narrantem
548 3290 659 3350 inferni
679 3292 832 3349 connubia
851 3291 966 3351 Diiovi'
987 3291 1092 3350 saneti.

345 3377 431 3451 Quae
457 3377 589 3438 Consum
610 3376 691 3452 paris
712 3375 772 3432 iota
793 3376 917 3434 humani
935 3376 1059 3435 voinare
1085 3375 1211 3436 amoris.

346 3462 392 3522 Ta
412 3464 538 3522 multum
557 3462 653 3522 vetita
670 3479 780 3538 precor
799 3461 990 3521 sanctissima
1008 3467 1114 3533 mater,

346 3545 414 3606 Hue
434 3556 487 3608 tuo
507 3547 670 3606 adventare
691 3547 842 3606 faventem
864 3545 915 3604 dia
936 3545 1075 3605 Camillo.

102 4212 365 4479 „A
448 3950 823 4486 ll

1350 3762 1352 3769 ι

1350 3792 1352 3799 ι
