2884 4650
562 553 714 648 Q

187 722 351 782 Menelaus.
391 720 478 780 Heus
492 731 523 779 te
534 723 625 783 volo:
644 724 727 783 istud
744 726 883 784 menibus
898 727 1007 790 efferes
1021 749 1094 792 carc

188 807 260 868 Tuis
279 807 422 866 cadaver:
445 825 548 865 verum
568 821 602 867 ut
625 818 682 882 est,
705 811 831 868 missum
853 812 929 870 foce.

187 891 259 953 Teu.
304 891 404 966 Quoia
424 893 485 950 ista
506 896 600 952 verbs
621 895 778 953 funditasti
796 896 913 972 gratis?

184 977 264 1038 Men.
302 977 408 1037 Visum
428 977 514 1050 mihi,
534 987 564 1037 et
585 979 633 1036 cui
655 987 744 1056 peret
758 980 826 1056 ipse
848 984 1009 1044 exercitus.
1095 991 1163 1046 1050

186 1061 260 1121 Teo.
305 1062 393 1137 Quod
414 1081 526 1120 nomen
544 1065 596 1124 isti
618 1066 663 1122 rei
686 1066 894 1141 praetexitur?

185 1147 264 1206 Men.
301 1147 392 1222 Quod
415 1165 503 1223 quem
522 1151 628 1226 putavi
651 1150 750 1208 eduxe
770 1152 869 1227 patria
889 1152 978 1212 domo

184 1233 319 1292 Amicum
340 1232 476 1303 Achivis,
494 1235 600 1292 auxilii
620 1235 780 1308 fidissumi‚

184 1317 363 1394 Deprensus
388 1317 440 1374 ille
460 1316 633 1396 Phrygibus
655 1321 883 1380 est-inimicior.

186 1401 270 1461 Totis
293 1401 411 1460 stativis
429 1421 556 1479 nemque
576 1405 704 1464 moliens
727 1425 831 1464 necem
1096 1406 1163 1462 1055

184 1488 419 1564 Impressionem
438 1496 539 1562 nocte,
560 1497 593 1548 ut
612 1490 738 1562 occidat,
760 1491 842 1548 fecit.

186 1573 273 1649 Quod
295 1573 326 1629 ni
348 1571 446 1630 Deum
468 1574 577 1649 aliquis
598 1575 739 1650 impetum
761 1577 946 1651 intercepset
962 1576 1053 1650 hunc,

186 1658 299 1718 Omnes
324 1658 364 1715 ed
384 1677 474 1715 unum
495 1678 549 1718 nos
571 1660 690 1735 quidem
707 1661 791 1720 illius
811 1662 907 1721 vicem

156 1785 160 1794 .
184 1742 373 1801 Internecivo
394 1743 500 1802 funere
522 1745 657 1821 expositi
678 1745 763 1804 illico

184 1829 343 1901 Essemus,
374 1835 422 1886 ast
446 1829 471 1886 is
493 1829 617 1887 viveret.
640 1849 744 1888 verum
766 1829 852 1888 Deus
1097 1831 1166 1886 1000

184 1912 327 1972 Hominis
349 1912 483 1971 furorem
502 1915 611 1972 avertit
633 1915 665 1971 in
687 1933 794 1990 pecua,
818 1922 848 1971 et
867 1933 984 1992 greges.

182 1997 284 2058 Nemo
307 2016 378 2074 ergo
399 1999 492 2056 tentis
514 1999 629 2057 viribus
651 1999 770 2075 pollens
791 1999 884 2058 homo

183 2084 315 2155 Eximat,
339 2083 424 2140 iilum
447 2083 575 2142 condere
600 2091 633 2141 ut
654 2085 770 2142 tumulo
793 2084 912 2141 audeat.

182 2169 342 2227 Proiectus
366 2168 476 2226 atenim
500 2170 596 2226 flavae
621 2187 732 2226 urenae
750 2169 853 2228 littore

184 2253 430 2313 circummarinis
453 2254 596 2331 pabulum
621 2253 745 2313 alitibus
769 2255 843 2311 fuat.
1099 2261 1166 2320 1065

182 2339 233 2400 Ne
257 2339 392 2397 adhaec
417 2342 563 2416 superbos
584 2339 655 2397 tolle
679 2340 805 2398 nimium
827 2339 961 2416 spiritus.

182 2424 265 2484 Nam
289 2424 315 2483 si
335 2443 442 2483 manus
464 2426 508 2482 nil
526 2426 623 2501 potuit
640 2427 671 2483 in
690 2426 792 2483 vivum
815 2444 894 2497 mea,

183 2512 222 2569 Iu
242 2518 393 2569 mortuum
414 2526 486 2587 ergo
507 2511 626 2587 poterit.
647 2512 738 2568 etiam
757 2510 895 2589 ingratiis

183 2597 255 2655 Vim
277 2596 397 2667 faciam,
418 2596 470 2653 ubi
491 2595 518 2655 is
542 2615 575 2654 se
598 2614 776 2673 comparare
800 2596 905 2667 noluit,

183 2682 355 2757 Praecepto.
377 2680 463 2739 vivus
485 2689 518 2738 ut
545 2690 719 2757 capesseret
739 2700 817 2739 mea.
1099 2691 1166 2747 1070

185 2765 374 2841 Quamquam
394 2765 469 2822 illud
489 2767 582 2823 enimi
602 2774 649 2825 est
667 2766 810 2841 improbi,
828 2784 895 2822 oum
904 2763 992 2840 plebs
1004 2762 1097 2821 homo

183 2852 299 2911 Parere
321 2852 365 2908 nil
385 2868 418 2909 se
438 2852 575 2927 postulat
595 2847 780 2909 melioribus.

184 2936 267 2996 Nam
289 2936 480 2995 sanctaiurs
502 2956 662 3013 perperam
685 2954 720 2993 oc
743 2936 828 3013 leges
849 2934 953 3012 vigent

184 3023 224 3080 In
248 3023 333 3095 urbe,
356 3022 403 3079 cui
427 3040 488 3079 non
512 3029 629 3079 constat
650 3021 791 3097 obsequii
814 3020 933 3078 modus.

184 3106 380 3182 Exercitique
401 3106 485 3164 nulls
506 3114 576 3164 sunt
597 3107 816 3178 moderamine,
1102 3114 1167 3168 1075

185 3191 246 3252 Cui
266 3192 349 3249 nulla
369 3193 416 3251 vis
437 3199 485 3250 est
505 3209 562 3249 nec
582 3192 716 3267 pudoris,
742 3211 799 3251 nec
821 3198 928 3250 metus.

186 3276 251 3339 Sed
273 3277 300 3336 si
319 3277 385 3351 quis
409 3296 537 3352 usquam
560 3285 607 3336 est
626 3278 704 3335 mole
727 3283 880 3335 crementa
899 3282 1027 3346 omnum,

185 3364 220 3422 Is
243 3382 330 3420 ruere
354 3381 424 3421 sese
447 3360 550 3440 speret
569 3363 600 3420 'et
621 3363 747 3421 minimo
769 3362 858 3419 malo.

184 3446 270 3507 Nam
289 3447 341 3522 qui
361 3447 475 3507 timoris
496 3456 525 3506 et
544 3448 670 3525 pudoris
692 3464 818 3523 compos
841 3451 898 3515 est,

185 3533 280 3592 Hunc
302 3550 392 3609 posse
414 3552 502 3610 spera
521 3534 665 3611 sospitem
689 3531 867 3591 consistere.

187 3618 252 3679 Sed
274 3618 327 3677 ubi
348 3617 472 3677 licentia
493 3620 590 3677 omnis
612 3626 660 3677 est
677 3617 824 3674 iniuriae:
863 3627 865 3634 ’

187 3704 278 3762 Tunc
298 3712 329 3761 et
350 3710 461 3762 statum
485 3703 569 3762 urbis
591 3701 751 3779 postmodo
768 3698 890 3757 tandem
910 3695 994 3756 illius

188 3788 290 3849 cursu
311 3808 328 3846 e
351 3789 482 3847 secundo
502 3806 627 3865 pessum
648 3788 758 3845 iturum
781 3782 931 3842 existima.

838 3879 874 3940 21
