2884 4650
595 499 599 506 ’
690 512 843 605 ον..

314 681 362 754 14,
374 682 426 741 83.
440 680 499 741 τών
525 678 619 761 ώμων
639 678 708 761 χεὶρ
730 674 784 759 ἥδ’
808 674 1003 751 ἀπαλέίεται,
1023 674 1096 740 είσ’
1110 677 1221 763 ἀνιηρὴ

438 762 541 847 φύλλα
564 762 655 845 δάκη,
679 760 798 845 φύλλης
818 760 838 845 ἤ
859 784 887 823 τι
911 760 1157 846 βδελυκτύτερον.

314 850 362 924 14,
372 850 424 911 84.
439 848 471 909 αί
495 846 596 931 βίβλοι
614 844 738 927 πώγων’
764 846 813 907 ίνα
838 845 878 929 μὴ
901 844 1033 927 φύσωσι,
1055 846 1179 929 ποιησει

438 931 535 1013 πεύκη
555 930 626 997 τοὺς
648 930 764 1013 χάρτας
785 930 842 1013 ἥδε
865 930 1098 1013 πολυχρονίους.
1162 972 1164 977 -

315 1019 362 1092 14,
372 1020 423 1079 86.
439 1014 596 1099 στρώμαθ’
615 1012 788 1089 ύπύζωσον,
803 1012 950 1098 θηρευτά,
969 1016 1089 1099 μώνυχι
1103 1015 1222 1101 κούφῳ.

440 1100 531 1166 ἵππος
547 1097 605 1180 γὰρ
629 1103 721 1160 σῦκον
744 1099 857 1181 γυμνὸς
876 1096 973 1182 ἔφυσε
994 1098 1091 1181 θαμά.

191 1229 195 1235 ·
315 1188 362 1261 14,
372 1188 423 1248 87.
440 1180 992 1266 σῖγμασεληνῶδεςκαμάρωμαλάβ’.
1009 1183 1221 1267 δγδοάδοςμὲν

439 1264 573 1330 δεκτικόν
597 1266 686 1329 ἐστιν.
710 1265 801 1329 ἵκοιθ’
825 1266 905 1334 ὅστις
928 1264 1029 1328 ἔσοιτο
1051 1267 1167 1350 φιλος.Ι

313 1356 362 1429 14,
372 1356 423 1416 99.
439 1351 585 1432 εὐδαίμον
604 1352 735 1433 δώρημα
751 1351 871 1435 κίτρους
886 1348 1081 1419 Ἀτλαντίδος
1100 1352 1173 1435 ύλης

438 1437 586 1520 λάμβανε.
611 1436 697 1517 δῶρα
722 1436 826 1519 λαβὼν
847 1434 952 1519 χρύσε’
976 1432 1104 1497 ἔλαττον
1125 1433 1220 1520 ἔχοις.

314 1525 363 1597 14,
374 1523 423 1584 90.
439 1520 507 1604 μήτ’
533 1519 621 1602 οὔλη,
645 1518 714 1602 μήτ’
738 1520 799 1603 εἰμὶ
821 1519 910 1601 γένος
929 1517 1115 1601 Μαορίτιδος
1135 1520 1221 1603 ύλης.

441 1603 519 1687 ἔγνω
544 1603 693 1687 δαψιλέας
714 1604 766 1667 καὶ
789 1604 864 1673 ξύλα
888 1604 992 1671 δαῖτας
1014 1604 1083 1685 ἐμά.
1199 1646 1202 1653 ·

314 1692 423 1775 14,91.
439 1688 560 1771 σώματ’
583 1689 762 1771 ἀειράμενοι
783 1688 910 1771 ταύρεια
932 1690 1071 1769 πελώρια
1096 1692 1162 1757 πῶς
1183 1688 1221 1751 οὐ

441 1775 493 1836 καὶ
520 1773 643 1841 σανίδας
664 1773 798 1857 Λιβυκὰς
817 1772 917 1855 ἄρκιοι
942 1772 1000 1835 εἰσὶ
1024 1772 1146 1855 φέρειν;

315 1862 363 1935 14,
376 1862 425 1922 92.
440 1859 752 1964 κεντητὴνστιγμαῖσι,
774 1858 838 1941 θοῇ
859 1859 988 1941 γλωχῖνι
1010 1856 1141 1961 δεθεῖσα

315 1942 1221 2110 αα.1110ιὶ1999.1191ἒέ1ιῖ1190,οῗέῗώῖμα.

438 2116 506 2174 πῖνε
527 2112 624 2173 πάλαι
644 2108 774 2193 Μέντωρ
797 2110 892 2173 τοῖσδ’
916 2108 970 2189 ένι,
993 2115 1089 2172 ταῦτα
1113 2115 1221 2173 ποιῶν.

316 2200 363 2282 14,
374 2200 424 2259 94.
438 2198 593 2279 τολμηρῆς
614 2194 706 2256 ὑέλου
729 2195 924 2278 δημοπρεπὲς
946 2194 1007 2273 εἰμὶ
1028 2193 1174 2279 τύρευμα,

213 2299 215 2302 ·
440 2280 508 2344 οὐδ’
536 2280 609 2363 ὕλην
634 2280 717 2363 ύδωρ
740 2279 855 2363 δερμδν
880 2276 1013 2364 ἔβλαψεν
1035 2278 1121 2364 ἐμήν.

316 2371 364 2443 14,
375 2370 425 2429 95.
441 2367 469 2428 εἰ
487 2366 538 2428 καὶ
550 2362 730 2427 Καλλαϊκοῦ
754 2364 888 2511 πέλογχαι
906 2362 1042 2446 γέννημα
1055 2366 1220 2446 μετάλλου,

439 2454 605 2534 καυχῶμαι
626 2448 731 2534 τέχνη,
755 2454 809 2512 τοῦ
866 2450 919 2517 υδς
941 2446 1019 2510 οὖσα
1040 2447 1143 2516 πύνος.

316 2539 364 2610 14,
375 2538 425 2597 97.
441 2536 481 2618 μὴ
506 2536 624 2617 μεγάλα
640 2534 778 2618 χραίνοις
794 2534 891 2616 τυτθνρ
905 2531 1093 2617 χρυσένδετα
1105 2534 1220 2616 τρίγλη.

439 2620 516 2700 ηδε
539 2619 670 2702 διλιτρος
692 2618 778 2701 ὅμως
802 2622 845 2685 ώς
867 2618 1025 2700 ἐλάχιστον
1051 2615 1106 2680 ἔοι.

317 2706 364 2777 14,
375 2705 426 2764 99.
439 2704 507 2784 ἥκω
528 2704 587 2766 ἀπδ
613 2708 736 2767 στικτῶν
754 2704 834 2784 ξείνη
854 2697 1220 2784 ΒάσκαυδαΒριτάννων.

435 2785 546 2870 Ῥώμη
571 2789 624 2870 ἑὴν
649 2789 684 2849 δὲ
707 2791 799 2850 καλεῖ
818 2787 850 2870 μ’
874 2785 1056 2865 ἐξιδιασ[σ]α
1083 2785 1146 2868 ένη.

310 2876 364 2948 ’14,
378 2873 447 2933 100.
463 2870 495 2932 εί
511 2871 541 2953 γ’
558 2873 615 2934 ούκ
629 2872 766 2954 ἀγνοέεις
784 2873 899 2955 πάτρην
914 2871 1030 2950 λογίοιο
1046 2810 1221 2946 11ατύλλου,

441 2956 472 3017 ἐν
497 2957 642 3038 κεράμοις
663 2954 746 3023 ἔπιες
765 2954 915 3019 Ῥαιτικδν
937 2953 1018 3016 οἶνον
1043 2954 1138 3036 ἐμοῖς.

317 3040 447 3115 14,101.
462 3040 489 3101 εἰ
510 3040 562 3101 καὶ
585 3040 645 3121 ἐγώ
656 3041 827 3102 κλεινοῐσιν
845 3040 1006 3122 ἐπώνυμος
1025 3039 1086 3122 εἰμὶ
1100 3039 1221 3122 μύκησι,

440 3122 661 3208 πρωτοτύμοις,
684 3125 709 3186 ὦ
733 3128 790 3186 πᾶν
816 3124 934 3207 αἶσχος,
958 3123 1129 3208 ύπηρετέω.

317 3213 365 3285 14,
379 3211 447 3272 103.
467 3208 613 3291 Σητίνους
634 3209 786 3276 κώθωνας
809 3208 897 3289 ἐμαῖς
918 3205 1055 3291 χιύνεσσι
1075 3209 1186 3291 δίηνον.

440 3294 493 3362 τὰς
516 3291 545 3355 δ’
570 3291 683 3359 ὀδύνας
703 3291 778 3377 οἴνῳ
800 3292 886 3374 τέγγε
905 3292 1100 3377 χερειοτέριρ.

317 3380 365 3452 14,
380 3380 448 3441 118.
463 3376 645 3459 Μασσαλίης
654 3376 788 3444 καπνοὺς
802 3377 982 3461 χιονώδεσιν
1000 3377 1089 3440 ὕδασι
1107 3377 1221 3458 μίσγειν

442 3463 560 3546 φείδεο,
583 3463 630 3524 σοὶ
652 3460 701 3524 ίνα
724 3462 765 3544 μὴ
788 3461 930 3528 πλείονος
954 3459 1000 3543 είη
1023 3462 1116 3544 ὕδωρ.

318 3547 366 3618 14,
379 3548 449 3608 104.
471 3548 521 3610 καὶ
541 3545 648 3632 χιόνας
666 3549 767 3609 λινοῦν
792 3544 946 3608 λεπτύνειν
965 3545 1046 3608 οἶδεν
1059 3545 1136 3629 ύφος
1153 3548 1221 3626 μεῦ.

442 3630 631 3716 ψυχρότερον
658 3632 685 3692 δ’
711 3631 795 3714 ὕδωρ
822 3629 858 3692 ού
881 3630 949 3696 τεὸς
969 3628 1069 3712 ἠδμδς
1090 3627 1165 3713 ἔχει.

318 3716 365 3789 14,
379 3715 449 3775 117.
473 3714 509 3777 ού
525 3715 631 3799 χιύνας
641 3715 735 3779 πίνειν
751 3717 815 3798 μὲν,
829 3713 904 3797 ἀτὰρ
917 3713 1127 3798 ψυχροσταγὲς
1138 3713 1222 3796 ὕδωρ

173 4254 383 4382 A
