2884 4650
713 521 864 615 „jd—-

333 689 485 750 Procedit.
507 690 567 746 iam
589 697 696 748 cuncta
717 690 777 750 sibi
795 689 933 757 cedentia
955 690 1035 748 votis

334 776 465 844 Metitur.
486 793 561 850 quas
583 775 708 850 quisque
728 775 819 833 avida
839 793 893 850 spe
915 774 1037 832 devorat
1053 774 1157 847 urbes,

334 859 393 920 His
418 861 528 918 servile
550 861 652 936 iugum
675 861 837 932 intentant,
864 859 912 918 his
937 859 1037 916 vincla
1058 860 1227 918 minantur:

290 959 303 966 “
335 945 485 1006 Omnibus
507 945 643 1002 exitium.
666 944 813 1007 Necnon
832 943 989 1021 poscentia
1010 963 1144 1021 pugnam

335 1031 467 1108 Agmina
488 1029 668 1089 Castanides
691 1031 780 1089 dictis
804 1029 957 1088 accendit:
980 1029 1091 1088 adesse

335 1116 469 1192 Tempus
490 1117 542 1187 ait,
566 1133 626 1187 quo
647 1115 731 1173 felici
752 1114 876 1172 victoria
894 1114 980 1170 lauru

334 1201 474 1260 Pictonio
494 1199 641 1275 requiem,
662 1200 755 1260 decus
776 1199 853 1274 ipsis
877 1198 1003 1258 sanciat.
1026 1199 1094 1272 tria,

334 1285 503 1355 Poscimur,
526 1303 564 1343 en
586 1285 721 1344 Mavors:
741 1304 778 1342 en
800 1285 920 1343 Mavors
927 1303 936 1354 ς
954 1284 1119 1358 poscimur,
1141 1284 1252 1361 inquit.

336 1369 431 1447 Signa
453 1377 587 1442 movent,
609 1371 780 1444 strictisque
802 1376 914 1426 acuunt
933 1369 1124 1428 mucronibus
1142 1370 1218 1428 iras.

274 1506 277 1511 .
335 1454 421 1529 Quae
442 1454 500 1512 fuit
522 1455 576 1512 illa
600 1454 682 1514 diest
706 1475 795 1530 quam
819 1453 914 1512 multa
934 1454 1027 1510 caede
1048 1454 1163 1528 piatum

335 1540 376 1599 Et
395 1557 498 1597 carcer
517 1540 612 1616 patris
639 1549 695 1612 est,
718 1548 748 1598 et
768 1541 832 1598 nati
850 1541 942 1597 funus
964 1539 1121 1596 acerbuml

336 1624 397 1683 Hic
416 1643 514 1698 neque
538 1644 608 1682 cura
630 1626 711 1684 subit
726 1632 881 1700 quaestus,
895 1643 993 1698 neque
1009 1642 1135 1699 parcere
1149 1625 1252 1699 victis,

335 1709 403 1768 Nec
423 1710 557 1784 precium
580 1710 675 1786 captis
695 1711 859 1786 imponere.
884 1708 1028 1784 Corpora,
1047 1727 1125 1783 quae
1148 1729 1210 1767 non

337 1795 431 1870 Optat
454 1795 596 1854 avarities
618 1796 715 1868 lucro,
736 1796 818 1872 rapit
840 1795 916 1853 ultio
938 1793 1034 1851 caedi.

336 1879 498 1938 Vindictae
520 1899 599 1958 gens
619 1889 683 1940 tota
705 1881 802 1939 datur.
824 1879 905 1938 Nam
927 1887 1048 1936 caetera
1067 1880 1164 1953 pubes

336 1964 386 2024 Ne
406 1973 521 2042 percat,
542 1967 630 2043 perit.
654 1975 683 2024 et
702 1967 824 2043 patulas
846 1985 881 2026 se
901 1964 991 2023 mittit
1011 1963 1043 2021 in
1064 1962 1172 2022 undas.

336 2053 435 2126 Atque
461 2051 570 2128 aliquis
591 2071 690 2128 prono
716 2052 905 2110 descendens
927 2068 1016 2107 amne
1035 2049 1134 2107 viator

335 2136 458 2195 Funera
480 2137 669 2194 dinumerare
693 2136 779 2194 velit:
800 2137 853 2194 sed
875 2136 969 2212 longa
989 2141 1147 2191 natantum

338 2221 472 2281 Obsistit
495 2221 605 2280 series:
625 2240 769 2280 numerus
790 2240 858 2278 cum
879 2219 1002 2277 flumine
1023 2220 1143 2293 crescit,

339 2303 414 2364 Oum
436 2326 560 2365 numero
580 2306 694 2365 Paean.
713 2306 816 2384 Ligeri
837 2305 895 2378 dic,
919 2323 1029 2381 magne
1050 2304 1203 2383 Vigenna,

337 2388 407 2463 Dic,
431 2392 533 2469 Liger,
557 2392 696 2464 Oceano,
718 2393 833 2451 victrici
855 2392 961 2450 cedere
982 2398 1089 2447 cuncta

339 2473 534 2535 Castanidum
558 2478 699 2537 dextrae:
727 2478 836 2536 fluvios
859 2477 972 2536 servire
993 2474 1167 2551 triumphis.

380 2559 453 2618 Non
472 2580 528 2639 ego
551 2572 747 2623 cunctamen
769 2562 928 2639 complecti
947 2560 1081 2618 carmine
1101 2562 1237 2637 possim,

338 2642 411 2702 Non
434 2646 551 2719 Martis,
575 2668 638 2707 non
661 2650 747 2725 pacis
771 2667 864 2725 opus:
887 2665 963 2723 quas
985 2647 1081 2702 Marte
1101 2647 1238 2705 rebelles

338 2728 469 2787 Disiecit
491 2740 608 2807 gentes,
629 2733 752 2809 placide
773 2752 849 2808 quas
871 2750 948 2808 pace
971 2731 1084 2806 ligavit.
1151 2796 1154 2801 Δ

339 2814 414 2885 Ista,
438 2815 575 2875 Maronei
596 2836 673 2891 quos
696 2818 781 2876 afflat
803 2817 927 2893 spiritus
951 2817 1057 2887 ocstri,

340 2898 452 2958 Utilius
476 2900 554 2957 seris
576 2901 714 2959 miranda
732 2904 895 2977 nepotibus
918 2902 1016 2959 edent.

339 2982 407 3042 Nos
430 2984 560 3043 humiles
581 2986 711 3059 animae,
735 2987 801 3061 quis
821 2988 942 3046 solvere
962 2985 1141 3060 quaestibus
1161 3004 1216 3042 ora

339 3069 401 3128 Vix
422 3068 520 3142 datur,
541 3068 667 3129 inferias
689 3090 830 3149 magnae,
845 3091 921 3148 quas
933 3089 1110 3147 possumus,
1126 3071 1255 3129 umbrae

340 3154 498 3226 Libamus,
521 3155 629 3213 tenucs'
652 3176 807 3228 numeros,
831 3157 1009 3231 defcctaque
1032 3158 1134 3228 verba,

340 3237 481 3317 Singultu
501 3240 617 3298 medias
637 3240 874 3316 interrumpente
896 3243 1048 3318 querelas.

382 3325 504 3402 Ergone
527 3333 568 3398 te,
593 3325 639 3382 cui
661 3333 710 3383 tot
729 3327 846 3403 creperi
865 3326 1042 3386 discrimina
1060 3324 1168 3383 Martis

263 3403 269 3407 ’
341 3407 518 3483 Cesserunt,
544 3409 637 3469 toties
663 3410 737 3468 belli
758 3412 881 3469 fortuna
902 3413 1049 3489 pepercit,

340 3493 427 3552 Lecti
448 3496 542 3554 invita
563 3497 661 3571 quies,
683 3505 713 3554 et
734 3497 837 3573 segnis
853 3497 963 3555 inertia
985 3496 1083 3555 morbi

339 3580 496 3638 Abstulit?
516 3582 672 3640 occiduum
694 3581 911 3656 quamvis-tibi
931 3590 1069 3658 vergeret
1089 3598 1210 3651 aerum,

340 3664 381 3722 Et
403 3672 541 3741 quartum
562 3674 608 3724 ter
630 3668 736 3742 quinte
754 3675 875 3743 urgeret
897 3666 1058 3742 Olympias
1078 3682 1208 3724 annum:

341 3746 453 3809 Sobria
476 3758 506 3809 te
527 3751 667 3810 iuvenem
688 3753 821 3811 faciebat
842 3752 905 3809 vita
927 3751 1033 3823 videri,
