<?xml version="1.0" encoding="UTF-8"?>
<!DOCTYPE html PUBLIC "-//W3C//DTD XHTML 1.0 Transitional//EN"
    "http://www.w3.org/TR/xhtml1/DTD/xhtml1-transitional.dtd">
<html xmlns="http://www.w3.org/1999/xhtml" xml:lang="en" lang="en">
 <head>
  <title>
</title>
<meta http-equiv="Content-Type" content="text/html;charset=utf-8" />
  <meta name='ocr-system' content='tesseract 3.04.00' />
  <meta name='ocr-capabilities' content='ocr_page ocr_carea ocr_par ocr_line ocrx_word'/>
</head>
<body>
  <div class='ocr_page' id='page_1' title='image "./poemataomnia00scalgoog_0071.png"; bbox 0 0 2884 4650; ppageno 0'>
   <div class='ocr_carea' id='block_1_1' title="bbox 711 528 862 620">
    <p class='ocr_par' dir='ltr' id='par_1_1' title="bbox 711 528 862 620">
     <span class='ocr_line' id='line_1_1' title="bbox 711 528 862 620; baseline 0 -36"><span class='ocrx_word' id='word_1_1' title='bbox 711 528 862 620; x_wconf 36' lang='lat' dir='ltr'>A„</span> 
     </span>
    </p>
   </div>
   <div class='ocr_carea' id='block_1_2' title="bbox 329 694 1250 2202">
    <p class='ocr_par' dir='ltr' id='par_1_2' title="bbox 329 694 1250 2202">
     <span class='ocr_line' id='line_1_2' title="bbox 332 694 1233 773; baseline 0.003 -20"><span class='ocrx_word' id='word_1_2' title='bbox 332 694 405 754; x_wconf 88' lang='lat' dir='ltr'>Non</span> <span class='ocrx_word' id='word_1_3' title='bbox 426 695 540 752; x_wconf 87' lang='lat' dir='ltr'>luorum</span> <span class='ocrx_word' id='word_1_4' title='bbox 563 695 663 768; x_wconf 87' lang='lat' dir='ltr'>velox,</span> <span class='ocrx_word' id='word_1_5' title='bbox 683 708 877 771; x_wconf 74' lang='lat' dir='ltr'>quascunque</span> <span class='ocrx_word' id='word_1_6' title='bbox 901 695 1112 773; x_wconf 79' lang='lat' dir='ltr'>relinquimus,</span> <span class='ocrx_word' id='word_1_7' title='bbox 1136 698 1233 771; x_wconf 81' lang='lat' dir='ltr'>auxit,</span> 
     </span>
     <span class='ocr_line' id='line_1_3' title="bbox 376 779 1029 858; baseline 0.002 -21"><span class='ocrx_word' id='word_1_8' title='bbox 376 780 446 840; x_wconf 87' lang='lat' dir='ltr'>Vita</span> <span class='ocrx_word' id='word_1_9' title='bbox 466 781 520 840; x_wconf 89' lang='lat' dir='ltr'>sed</span> <span class='ocrx_word' id='word_1_10' title='bbox 541 781 676 840; x_wconf 81' lang='lat' dir='ltr'>exsultas</span> <span class='ocrx_word' id='word_1_11' title='bbox 699 783 801 840; x_wconf 87' lang='lat' dir='ltr'>sobria</span> <span class='ocrx_word' id='word_1_12' title='bbox 822 779 920 858; x_wconf 84' lang='lat' dir='ltr'><strong>parsit</strong></span> <span class='ocrx_word' id='word_1_13' title='bbox 942 799 1029 856; x_wconf 88' lang='lat' dir='ltr'>opes,</span> 
     </span>
     <span class='ocr_line' id='line_1_4' title="bbox 334 864 1171 942; baseline 0.002 -19"><span class='ocrx_word' id='word_1_14' title='bbox 334 864 419 941; x_wconf 82' lang='lat' dir='ltr'>Quas</span> <span class='ocrx_word' id='word_1_15' title='bbox 441 875 539 942; x_wconf 86' lang='lat' dir='ltr'>pater,</span> <span class='ocrx_word' id='word_1_16' title='bbox 560 873 590 923; x_wconf 89' lang='lat' dir='ltr'>et</span> <span class='ocrx_word' id='word_1_17' title='bbox 610 867 733 942; x_wconf 86' lang='lat' dir='ltr'>generis</span> <span class='ocrx_word' id='word_1_18' title='bbox 757 867 852 926; x_wconf 91' lang='lat' dir='ltr'>series</span> <span class='ocrx_word' id='word_1_19' title='bbox 874 865 1054 942; x_wconf 80' lang='lat' dir='ltr'>longissima</span> <span class='ocrx_word' id='word_1_20' title='bbox 1072 867 1171 941; x_wconf 86' lang='lat' dir='ltr'>prisoi</span> 
     </span>
     <span class='ocr_line' id='line_1_5' title="bbox 375 951 1111 1029; baseline 0.001 -21"><span class='ocrx_word' id='word_1_21' title='bbox 375 951 489 1026; x_wconf 92' lang='lat' dir='ltr'>Liquit,</span> <span class='ocrx_word' id='word_1_22' title='bbox 511 958 540 1008; x_wconf 91' lang='lat' dir='ltr'>et</span> <span class='ocrx_word' id='word_1_23' title='bbox 563 969 581 1008; x_wconf 90' lang='lat' dir='ltr'>a</span> <span class='ocrx_word' id='word_1_24' title='bbox 602 971 714 1027; x_wconf 84' lang='lat' dir='ltr'>proavo</span> <span class='ocrx_word' id='word_1_25' title='bbox 729 953 833 1017; x_wconf 77' lang='lat' dir='ltr'>¹missa</span> <span class='ocrx_word' id='word_1_26' title='bbox 852 958 974 1029; x_wconf 89' lang='lat' dir='ltr'>potente</span> <span class='ocrx_word' id='word_1_27' title='bbox 995 951 1111 1009; x_wconf 90' lang='lat' dir='ltr'>domus.</span> 
     </span>
     <span class='ocr_line' id='line_1_6' title="bbox 335 1035 1020 1095; baseline -0.001 0"><span class='ocrx_word' id='word_1_28' title='bbox 335 1035 407 1095; x_wconf 86' lang='lat' dir='ltr'>Otia</span> <span class='ocrx_word' id='word_1_29' title='bbox 426 1037 582 1094; x_wconf 83' lang='lat' dir='ltr'>Musarum</span> <span class='ocrx_word' id='word_1_30' title='bbox 606 1055 692 1094; x_wconf 86' lang='lat' dir='ltr'>eures</span> <span class='ocrx_word' id='word_1_31' title='bbox 714 1037 846 1094; x_wconf 89' lang='lat' dir='ltr'>mulsere</span> <span class='ocrx_word' id='word_1_32' title='bbox 865 1037 1020 1094; x_wconf 73' lang='lat' dir='ltr'>forenses:</span> 
     </span>
     <span class='ocr_line' id='line_1_7' title="bbox 374 1120 973 1198; baseline -0.002 -19"><span class='ocrx_word' id='word_1_33' title='bbox 374 1121 549 1198; x_wconf 84' lang='lat' dir='ltr'>Perfugium</span> <span class='ocrx_word' id='word_1_34' title='bbox 573 1121 680 1179; x_wconf 90' lang='lat' dir='ltr'>studiis</span> <span class='ocrx_word' id='word_1_35' title='bbox 702 1121 757 1177; x_wconf 79' lang='lat' dir='ltr'>illa</span> <span class='ocrx_word' id='word_1_36' title='bbox 778 1122 864 1178; x_wconf 85' lang='lat' dir='ltr'>fuere</span> <span class='ocrx_word' id='word_1_37' title='bbox 888 1120 973 1178; x_wconf 89' lang='lat' dir='ltr'>meis.</span> 
     </span>
     <span class='ocr_line' id='line_1_8' title="bbox 332 1205 1028 1282; baseline 0.004 -17"><span class='ocrx_word' id='word_1_38' title='bbox 332 1207 414 1265; x_wconf 88' lang='lat' dir='ltr'>Pura</span> <span class='ocrx_word' id='word_1_39' title='bbox 433 1205 571 1262; x_wconf 80' lang='lat' dir='ltr'>valetudo</span> <span class='ocrx_word' id='word_1_40' title='bbox 593 1205 684 1264; x_wconf 88' lang='lat' dir='ltr'>nullis</span> <span class='ocrx_word' id='word_1_41' title='bbox 706 1206 828 1282; x_wconf 85' lang='lat' dir='ltr'>pulsata</span> <span class='ocrx_word' id='word_1_42' title='bbox 846 1205 989 1280; x_wconf 83' lang='lat' dir='ltr'>procellis</span> <span class='ocrx_word' id='word_1_43' title='bbox 1024 1259 1028 1268; x_wconf 93' lang='lat'><em>.</em></span> 
     </span>
     <span class='ocr_line' id='line_1_9' title="bbox 377 1289 1075 1366; baseline -0.006 -15"><span class='ocrx_word' id='word_1_44' title='bbox 377 1290 504 1366; x_wconf 84' lang='lat' dir='ltr'>Semper</span> <span class='ocrx_word' id='word_1_45' title='bbox 524 1289 674 1348; x_wconf 87' lang='lat' dir='ltr'>inoffenso</span> <span class='ocrx_word' id='word_1_46' title='bbox 695 1291 799 1348; x_wconf 83' lang='lat' dir='ltr'>funeta</span> <span class='ocrx_word' id='word_1_47' title='bbox 816 1298 922 1348; x_wconf 90' lang='lat' dir='ltr'>tenore</span> <span class='ocrx_word' id='word_1_48' title='bbox 945 1310 999 1349; x_wconf 91' lang='lat' dir='ltr'>suo</span> <span class='ocrx_word' id='word_1_49' title='bbox 1020 1298 1075 1348; x_wconf 89' lang='lat' dir='ltr'>est.</span> 
     </span>
     <span class='ocr_line' id='line_1_10' title="bbox 335 1374 1153 1457; baseline -0.001 -22"><span class='ocrx_word' id='word_1_50' title='bbox 335 1374 490 1435; x_wconf 84' lang='lat' dir='ltr'>Curricula</span> <span class='ocrx_word' id='word_1_51' title='bbox 510 1383 662 1432; x_wconf 83' lang='lat' dir='ltr'>extremae</span> <span class='ocrx_word' id='word_1_52' title='bbox 684 1394 878 1457; x_wconf 79' lang='lat' dir='ltr'>permensum</span> <span class='ocrx_word' id='word_1_53' title='bbox 900 1375 991 1452; x_wconf 79' lang='lat' dir='ltr'>longa</span> <span class='ocrx_word' id='word_1_54' title='bbox 1011 1384 1153 1434; x_wconf 76' lang='lat' dir='ltr'>senectae</span> 
     </span>
     <span class='ocr_line' id='line_1_11' title="bbox 378 1460 950 1536; baseline -0.002 -17"><span class='ocrx_word' id='word_1_55' title='bbox 378 1460 515 1536; x_wconf 83' lang='lat' dir='ltr'>Occupat</span> <span class='ocrx_word' id='word_1_56' title='bbox 536 1468 639 1535; x_wconf 87' lang='lat' dir='ltr'>optato</span> <span class='ocrx_word' id='word_1_57' title='bbox 660 1461 720 1518; x_wconf 88' lang='lat' dir='ltr'>fine</span> <span class='ocrx_word' id='word_1_58' title='bbox 743 1462 833 1517; x_wconf 86' lang='lat' dir='ltr'>beata</span> <span class='ocrx_word' id='word_1_59' title='bbox 854 1461 950 1533; x_wconf 87' lang='lat' dir='ltr'>quies.</span> 
     </span>
     <span class='ocr_line' id='line_1_12' title="bbox 334 1544 1249 1622; baseline 0.003 -19"><span class='ocrx_word' id='word_1_60' title='bbox 334 1547 418 1604; x_wconf 89' lang='lat' dir='ltr'>Mors</span> <span class='ocrx_word' id='word_1_61' title='bbox 439 1563 554 1620; x_wconf 90' lang='lat' dir='ltr'>quoque</span> <span class='ocrx_word' id='word_1_62' title='bbox 573 1544 697 1603; x_wconf 86' lang='lat' dir='ltr'>laudata</span> <span class='ocrx_word' id='word_1_63' title='bbox 720 1553 776 1603; x_wconf 89' lang='lat' dir='ltr'>est.</span> <span class='ocrx_word' id='word_1_64' title='bbox 798 1545 910 1622; x_wconf 84' lang='lat' dir='ltr'>gemitu</span> <span class='ocrx_word' id='word_1_65' title='bbox 933 1545 1127 1621; x_wconf 83' lang='lat' dir='ltr'>lacrimisque</span> <span class='ocrx_word' id='word_1_66' title='bbox 1139 1545 1249 1607; x_wconf 85' lang='lat' dir='ltr'>Senati</span> 
     </span>
     <span class='ocr_line' id='line_1_13' title="bbox 329 1621 1024 1706; baseline -0.001 -18"><span class='ocrx_word' id='word_1_67' title='bbox 329 1701 331 1704; x_wconf 22' lang='grc' dir='ltr'>Ι</span> <span class='ocrx_word' id='word_1_68' title='bbox 376 1629 506 1700; x_wconf 85' lang='lat' dir='ltr'>Efferor,</span> <span class='ocrx_word' id='word_1_69' title='bbox 532 1637 561 1685; x_wconf 90' lang='lat' dir='ltr'>et</span> <span class='ocrx_word' id='word_1_70' title='bbox 581 1631 688 1706; x_wconf 92' lang='lat' dir='ltr'>populi</span> <span class='ocrx_word' id='word_1_71' title='bbox 709 1639 787 1688; x_wconf 88' lang='lat' dir='ltr'>teste</span> <span class='ocrx_word' id='word_1_72' title='bbox 810 1631 909 1687; x_wconf 88' lang='lat' dir='ltr'>dolore</span> <span class='ocrx_word' id='word_1_73' title='bbox 930 1621 1024 1688; x_wconf 74' lang='lat' dir='ltr'>fruor.</span> 
     </span>
     <span class='ocr_line' id='line_1_14' title="bbox 335 1713 1082 1796; baseline 0 -22"><span class='ocrx_word' id='word_1_74' title='bbox 335 1716 422 1774; x_wconf 84' lang='lat' dir='ltr'>Haeo</span> <span class='ocrx_word' id='word_1_75' title='bbox 444 1713 539 1772; x_wconf 85' lang='lat' dir='ltr'>series</span> <span class='ocrx_word' id='word_1_76' title='bbox 565 1715 653 1772; x_wconf 86' lang='lat' dir='ltr'>vitae.</span> <span class='ocrx_word' id='word_1_77' title='bbox 678 1716 816 1796; x_wconf 84' lang='lat' dir='ltr'>manibus</span> <span class='ocrx_word' id='word_1_78' title='bbox 840 1715 879 1772; x_wconf 86' lang='lat' dir='ltr'>da</span> <span class='ocrx_word' id='word_1_79' title='bbox 898 1714 963 1772; x_wconf 89' lang='lat' dir='ltr'>lilia</span> <span class='ocrx_word' id='word_1_80' title='bbox 984 1715 1082 1789; x_wconf 88' lang='lat' dir='ltr'>plenis</span> 
     </span>
     <span class='ocr_line' id='line_1_15' title="bbox 378 1800 1102 1876; baseline 0.001 -19"><span class='ocrx_word' id='word_1_81' title='bbox 378 1800 512 1876; x_wconf 84' lang='lat' dir='ltr'>Hospes,</span> <span class='ocrx_word' id='word_1_82' title='bbox 534 1807 564 1856; x_wconf 92' lang='lat' dir='ltr'>et</span> <span class='ocrx_word' id='word_1_83' title='bbox 587 1802 723 1876; x_wconf 84' lang='lat' dir='ltr'>exequiis</span> <span class='ocrx_word' id='word_1_84' title='bbox 747 1800 848 1858; x_wconf 86' lang='lat' dir='ltr'>fausta</span> <span class='ocrx_word' id='word_1_85' title='bbox 869 1818 993 1874; x_wconf 86' lang='lat' dir='ltr'>precare</span> <span class='ocrx_word' id='word_1_86' title='bbox 1016 1801 1102 1858; x_wconf 90' lang='lat' dir='ltr'>meis.</span> 
     </span>
     <span class='ocr_line' id='line_1_16' title="bbox 335 1884 1074 1962; baseline -0.003 -17"><span class='ocrx_word' id='word_1_87' title='bbox 335 1889 376 1945; x_wconf 84' lang='lat' dir='ltr'>At</span> <span class='ocrx_word' id='word_1_88' title='bbox 397 1885 452 1942; x_wconf 92' lang='lat' dir='ltr'>tibi</span> <span class='ocrx_word' id='word_1_89' title='bbox 475 1884 630 1962; x_wconf 83' lang='lat' dir='ltr'>contingat</span> <span class='ocrx_word' id='word_1_90' title='bbox 650 1894 787 1944; x_wconf 84' lang='lat' dir='ltr'>votorum</span> <span class='ocrx_word' id='word_1_91' title='bbox 811 1903 929 1944; x_wconf 84' lang='lat' dir='ltr'>summa</span> <span class='ocrx_word' id='word_1_92' title='bbox 949 1894 1074 1943; x_wconf 85' lang='lat' dir='ltr'>tuorum.</span> 
     </span>
     <span class='ocr_line' id='line_1_17' title="bbox 379 1964 1191 2051; baseline -0.004 -21"><span class='ocrx_word' id='word_1_93' title='bbox 379 1968 412 2030; x_wconf 89' lang='lat' dir='ltr'>Si</span> <span class='ocrx_word' id='word_1_94' title='bbox 436 1971 479 2029; x_wconf 88' lang='lat' dir='ltr'>sio</span> <span class='ocrx_word' id='word_1_95' title='bbox 501 1964 617 2044; x_wconf 72' lang='lat' dir='ltr'>vixisti,</span> <span class='ocrx_word' id='word_1_96' title='bbox 637 1973 680 2030; x_wconf 87' lang='lat' dir='ltr'>sie</span> <span class='ocrx_word' id='word_1_97' title='bbox 696 1979 787 2049; x_wconf 90' lang='lat' dir='ltr'>potes</span> <span class='ocrx_word' id='word_1_98' title='bbox 809 1970 876 2046; x_wconf 90' lang='lat' dir='ltr'>ipse</span> <span class='ocrx_word' id='word_1_99' title='bbox 897 1971 981 2027; x_wconf 89' lang='lat' dir='ltr'>mori.</span> <span class='ocrx_word' id='word_1_100' title='bbox 1188 2043 1191 2051; x_wconf 68' lang='lat'>,</span> 
     </span>
     <span class='ocr_line' id='line_1_18' title="bbox 425 2064 1250 2130; baseline 0.006 -16"><span class='ocrx_word' id='word_1_101' title='bbox 425 2065 497 2114; x_wconf 84' lang='lat' dir='ltr'>Obiit</span> <span class='ocrx_word' id='word_1_102' title='bbox 515 2064 661 2130; x_wconf 83' lang='lat' dir='ltr'>Christoph.</span> <span class='ocrx_word' id='word_1_103' title='bbox 685 2067 812 2115; x_wconf 78' lang='lat' dir='ltr'>Theanus</span> <span class='ocrx_word' id='word_1_104' title='bbox 835 2066 893 2115; x_wconf 86' lang='lat' dir='ltr'>Kal.</span> <span class='ocrx_word' id='word_1_105' title='bbox 916 2065 1049 2116; x_wconf 85' lang='lat' dir='ltr'>IXbribus</span> <span class='ocrx_word' id='word_1_106' title='bbox 1068 2066 1147 2115; x_wconf 80' lang='lat' dir='ltr'>Auno</span> <span class='ocrx_word' id='word_1_107' title='bbox 1173 2065 1250 2130; x_wconf 70' lang='lat'>1582,</span> 
     </span>
     <span class='ocr_line' id='line_1_19' title="bbox 336 2132 930 2202; baseline -0.003 -18"><span class='ocrx_word' id='word_1_108' title='bbox 336 2151 392 2184; x_wconf 86' lang='lat' dir='ltr'>oum</span> <span class='ocrx_word' id='word_1_109' title='bbox 412 2149 493 2184; x_wconf 85' lang='lat' dir='ltr'>annos</span> <span class='ocrx_word' id='word_1_110' title='bbox 512 2132 553 2193; x_wconf 67' lang='lat'>74,</span> <span class='ocrx_word' id='word_1_111' title='bbox 571 2151 652 2184; x_wconf 89' lang='lat' dir='ltr'>mens.</span> <span class='ocrx_word' id='word_1_112' title='bbox 669 2135 693 2196; x_wconf 83' lang='lat'>3,</span> <span class='ocrx_word' id='word_1_113' title='bbox 713 2138 739 2202; x_wconf 66' lang='lat' dir='ltr'>d²</span> <span class='ocrx_word' id='word_1_114' title='bbox 759 2135 775 2184; x_wconf 79' lang='lat'>5</span> <span class='ocrx_word' id='word_1_115' title='bbox 796 2136 930 2198; x_wconf 84' lang='lat' dir='ltr'>exegisset.</span> 
     </span>
    </p>
   </div>
   <div class='ocr_carea' id='block_1_3' title="bbox 283 2279 1249 3811">
    <p class='ocr_par' dir='ltr' id='par_1_3' title="bbox 410 2279 1168 2365">
     <span class='ocr_line' id='line_1_20' title="bbox 410 2279 1168 2365; baseline 0.001 -17"><span class='ocrx_word' id='word_1_116' title='bbox 410 2290 438 2348; x_wconf 80' lang='lat'>2.</span> <span class='ocrx_word' id='word_1_117' title='bbox 481 2289 588 2365; x_wconf 67' lang='lat' dir='ltr'>Elepta</span> <span class='ocrx_word' id='word_1_118' title='bbox 606 2279 637 2347; x_wconf 58' lang='grc' dir='ltr'>ἐπ’</span> <span class='ocrx_word' id='word_1_119' title='bbox 665 2289 696 2348; x_wconf 91' lang='lat' dir='ltr'>V.</span> <span class='ocrx_word' id='word_1_120' title='bbox 724 2288 753 2347; x_wconf 79' lang='lat'>0.</span> <span class='ocrx_word' id='word_1_121' title='bbox 773 2291 895 2347; x_wconf 78' lang='lat' dir='ltr'>Ioannis</span> <span class='ocrx_word' id='word_1_122' title='bbox 919 2290 1034 2347; x_wconf 72' lang='lat' dir='ltr'>Thenai</span> <span class='ocrx_word' id='word_1_123' title='bbox 1053 2291 1168 2349; x_wconf 77' lang='lat' dir='ltr'>editum.</span> 
     </span>
    </p>

    <p class='ocr_par' dir='ltr' id='par_1_4' title="bbox 335 2374 1093 2537">
     <span class='ocr_line' id='line_1_21' title="bbox 335 2374 980 2453; baseline -0.006 -19"><span class='ocrx_word' id='word_1_124' title='bbox 335 2377 414 2453; x_wconf 86' lang='lat' dir='ltr'>Ergo</span> <span class='ocrx_word' id='word_1_125' title='bbox 433 2375 581 2446; x_wconf 83' lang='lat' dir='ltr'>funestos,</span> <span class='ocrx_word' id='word_1_126' title='bbox 602 2376 708 2452; x_wconf 85' lang='lat' dir='ltr'>regina</span> <span class='ocrx_word' id='word_1_127' title='bbox 730 2374 861 2446; x_wconf 84' lang='lat' dir='ltr'>Lutetia,</span> <span class='ocrx_word' id='word_1_128' title='bbox 884 2374 980 2432; x_wconf 86' lang='lat' dir='ltr'>cultus</span> 
     </span>
     <span class='ocr_line' id='line_1_22' title="bbox 379 2458 1093 2537; baseline -0.003 -18"><span class='ocrx_word' id='word_1_129' title='bbox 379 2459 491 2532; x_wconf 85' lang='lat' dir='ltr'>Sumis,</span> <span class='ocrx_word' id='word_1_130' title='bbox 513 2466 543 2516; x_wconf 92' lang='lat' dir='ltr'>et</span> <span class='ocrx_word' id='word_1_131' title='bbox 560 2459 591 2516; x_wconf 91' lang='lat' dir='ltr'>in</span> <span class='ocrx_word' id='word_1_132' title='bbox 612 2461 696 2519; x_wconf 91' lang='lat' dir='ltr'>vultu</span> <span class='ocrx_word' id='word_1_133' title='bbox 719 2461 807 2537; x_wconf 85' lang='lat' dir='ltr'>signa</span> <span class='ocrx_word' id='word_1_134' title='bbox 830 2458 961 2517; x_wconf 87' lang='lat' dir='ltr'>dolentis</span> <span class='ocrx_word' id='word_1_135' title='bbox 986 2459 1093 2517; x_wconf 88' lang='lat' dir='ltr'>habes.</span> 
     </span>
    </p>

    <p class='ocr_par' dir='ltr' id='par_1_5' title="bbox 338 2544 1168 2705">
     <span class='ocr_line' id='line_1_23' title="bbox 338 2544 1168 2621; baseline -0.002 -17"><span class='ocrx_word' id='word_1_136' title='bbox 338 2545 456 2604; x_wconf 83' lang='lat' dir='ltr'>Occidit</span> <span class='ocrx_word' id='word_1_137' title='bbox 476 2544 515 2601; x_wconf 90' lang='lat' dir='ltr'>ah</span> <span class='ocrx_word' id='word_1_138' title='bbox 538 2545 629 2603; x_wconf 85' lang='lat' dir='ltr'>decus</span> <span class='ocrx_word' id='word_1_139' title='bbox 652 2546 705 2603; x_wconf 89' lang='lat' dir='ltr'>ille</span> <span class='ocrx_word' id='word_1_140' title='bbox 726 2555 820 2621; x_wconf 86' lang='lat' dir='ltr'>tuum,</span> <span class='ocrx_word' id='word_1_141' title='bbox 843 2553 895 2601; x_wconf 82' lang='lat' dir='ltr'>tua</span> <span class='ocrx_word' id='word_1_142' title='bbox 918 2564 989 2601; x_wconf 87' lang='lat' dir='ltr'>eura</span> <span class='ocrx_word' id='word_1_143' title='bbox 1010 2544 1168 2617; x_wconf 86' lang='lat' dir='ltr'>Thuanus,</span> 
     </span>
     <span class='ocr_line' id='line_1_24' title="bbox 379 2628 1130 2705; baseline 0 -18"><span class='ocrx_word' id='word_1_144' title='bbox 379 2632 477 2704; x_wconf 87' lang='lat' dir='ltr'>Atque</span> <span class='ocrx_word' id='word_1_145' title='bbox 499 2632 643 2705; x_wconf 92' lang='lat' dir='ltr'>estquod</span> <span class='ocrx_word' id='word_1_146' title='bbox 665 2632 775 2689; x_wconf 86' lang='lat' dir='ltr'>feretro</span> <span class='ocrx_word' id='word_1_147' title='bbox 797 2630 882 2688; x_wconf 91' lang='lat' dir='ltr'>triste</span> <span class='ocrx_word' id='word_1_148' title='bbox 901 2628 1020 2686; x_wconf 88' lang='lat' dir='ltr'>levatur</span> <span class='ocrx_word' id='word_1_149' title='bbox 1044 2648 1130 2687; x_wconf 89' lang='lat' dir='ltr'>onus.</span> 
     </span>
    </p>

    <p class='ocr_par' dir='ltr' id='par_1_6' title="bbox 338 2713 1153 2877">
     <span class='ocr_line' id='line_1_25' title="bbox 338 2713 1153 2795; baseline -0.002 -21"><span class='ocrx_word' id='word_1_150' title='bbox 338 2713 479 2774; x_wconf 88' lang='lat' dir='ltr'>Summus</span> <span class='ocrx_word' id='word_1_151' title='bbox 503 2714 706 2795; x_wconf 77' lang='lat' dir='ltr'>alumnorum,</span> <span class='ocrx_word' id='word_1_152' title='bbox 727 2735 803 2791; x_wconf 91' lang='lat' dir='ltr'>quos</span> <span class='ocrx_word' id='word_1_153' title='bbox 826 2716 864 2771; x_wconf 82' lang='lat' dir='ltr'>ad</span> <span class='ocrx_word' id='word_1_154' title='bbox 886 2714 1011 2790; x_wconf 84' lang='lat' dir='ltr'>fastigia</span> <span class='ocrx_word' id='word_1_155' title='bbox 1031 2714 1153 2772; x_wconf 86' lang='lat' dir='ltr'>laudum</span> 
     </span>
     <span class='ocr_line' id='line_1_26' title="bbox 377 2799 982 2877; baseline -0.003 -20"><span class='ocrx_word' id='word_1_156' title='bbox 377 2799 504 2857; x_wconf 88' lang='lat' dir='ltr'>Virtutis</span> <span class='ocrx_word' id='word_1_157' title='bbox 526 2799 646 2857; x_wconf 87' lang='lat' dir='ltr'>fervens</span> <span class='ocrx_word' id='word_1_158' title='bbox 669 2802 800 2877; x_wconf 87' lang='lat' dir='ltr'>impetus</span> <span class='ocrx_word' id='word_1_159' title='bbox 824 2800 982 2857; x_wconf 84' lang='lat' dir='ltr'>extulerat.</span> 
     </span>
    </p>

    <p class='ocr_par' dir='ltr' id='par_1_7' title="bbox 283 2883 1249 3047">
     <span class='ocr_line' id='line_1_27' title="bbox 283 2883 1249 2960; baseline 0.002 -19"><span class='ocrx_word' id='word_1_160' title='bbox 283 2893 286 2899; x_wconf 85' lang='lat'>&#39;</span> <span class='ocrx_word' id='word_1_161' title='bbox 338 2884 416 2958; x_wconf 80' lang='lat' dir='ltr'>Quid</span> <span class='ocrx_word' id='word_1_162' title='bbox 431 2902 538 2960; x_wconf 85' lang='lat' dir='ltr'>genus,</span> <span class='ocrx_word' id='word_1_163' title='bbox 551 2892 603 2940; x_wconf 91' lang='lat' dir='ltr'>aut</span> <span class='ocrx_word' id='word_1_164' title='bbox 613 2894 786 2960; x_wconf 88' lang='lat' dir='ltr'>praestans,</span> <span class='ocrx_word' id='word_1_165' title='bbox 803 2883 944 2944; x_wconf 85' lang='lat' dir='ltr'>iuvenum</span> <span class='ocrx_word' id='word_1_166' title='bbox 961 2884 1138 2956; x_wconf 85' lang='lat' dir='ltr'>lectissime,</span> <span class='ocrx_word' id='word_1_167' title='bbox 1153 2884 1249 2944; x_wconf 85' lang='lat' dir='ltr'>virtus</span> 
     </span>
     <span class='ocr_line' id='line_1_28' title="bbox 379 2966 1034 3047; baseline -0.002 -21"><span class='ocrx_word' id='word_1_168' title='bbox 379 2968 508 3039; x_wconf 83' lang='lat' dir='ltr'>Profuit,</span> <span class='ocrx_word' id='word_1_169' title='bbox 529 2966 580 3025; x_wconf 85' lang='lat' dir='ltr'>aut</span> <span class='ocrx_word' id='word_1_170' title='bbox 600 2970 710 3027; x_wconf 88' lang='lat' dir='ltr'>mentis</span> <span class='ocrx_word' id='word_1_171' title='bbox 734 2970 779 3027; x_wconf 90' lang='lat' dir='ltr'>vis</span> <span class='ocrx_word' id='word_1_172' title='bbox 801 2989 948 3047; x_wconf 82' lang='lat' dir='ltr'>generosa</span> <span class='ocrx_word' id='word_1_173' title='bbox 968 2968 1034 3041; x_wconf 90' lang='lat' dir='ltr'>tibi,</span> 
     </span>
    </p>

    <p class='ocr_par' dir='ltr' id='par_1_8' title="bbox 339 3050 1132 3209">
     <span class='ocr_line' id='line_1_29' title="bbox 339 3050 1132 3115; baseline -0.005 0"><span class='ocrx_word' id='word_1_174' title='bbox 339 3054 372 3115; x_wconf 87' lang='lat' dir='ltr'>si</span> <span class='ocrx_word' id='word_1_175' title='bbox 395 3072 478 3111; x_wconf 92' lang='lat' dir='ltr'>mors</span> <span class='ocrx_word' id='word_1_176' title='bbox 502 3062 571 3109; x_wconf 82' lang='lat' dir='ltr'>unte</span> <span class='ocrx_word' id='word_1_177' title='bbox 593 3053 672 3111; x_wconf 91' lang='lat' dir='ltr'>diem</span> <span class='ocrx_word' id='word_1_178' title='bbox 692 3063 721 3111; x_wconf 87' lang='lat' dir='ltr'>te</span> <span class='ocrx_word' id='word_1_179' title='bbox 741 3055 847 3112; x_wconf 88' lang='lat' dir='ltr'>funere</span> <span class='ocrx_word' id='word_1_180' title='bbox 868 3055 991 3112; x_wconf 88' lang='lat' dir='ltr'>damnat</span> <span class='ocrx_word' id='word_1_181' title='bbox 1008 3050 1132 3112; x_wconf 86' lang='lat' dir='ltr'>acerbo:</span> 
     </span>
     <span class='ocr_line' id='line_1_30' title="bbox 379 3138 1013 3209; baseline 0 -12"><span class='ocrx_word' id='word_1_182' title='bbox 379 3140 514 3198; x_wconf 86' lang='lat' dir='ltr'>Inieeere</span> <span class='ocrx_word' id='word_1_183' title='bbox 536 3138 640 3196; x_wconf 87' lang='lat' dir='ltr'>avidas</span> <span class='ocrx_word' id='word_1_184' title='bbox 664 3139 692 3198; x_wconf 91' lang='lat' dir='ltr'>si</span> <span class='ocrx_word' id='word_1_185' title='bbox 711 3139 765 3209; x_wconf 83' lang='lat' dir='ltr'>tibi</span> <span class='ocrx_word' id='word_1_186' title='bbox 787 3140 863 3197; x_wconf 87' lang='lat' dir='ltr'>Fata</span> <span class='ocrx_word' id='word_1_187' title='bbox 883 3139 1013 3197; x_wconf 76' lang='lat' dir='ltr'>manus?</span> 
     </span>
    </p>

    <p class='ocr_par' dir='ltr' id='par_1_9' title="bbox 339 3216 1087 3387">
     <span class='ocr_line' id='line_1_31' title="bbox 339 3216 1087 3299; baseline -0.004 -15"><span class='ocrx_word' id='word_1_188' title='bbox 339 3232 379 3285; x_wconf 84' lang='lat' dir='ltr'>At</span> <span class='ocrx_word' id='word_1_189' title='bbox 401 3225 456 3283; x_wconf 86' lang='lat' dir='ltr'>tibi</span> <span class='ocrx_word' id='word_1_190' title='bbox 477 3216 516 3281; x_wconf 85' lang='lat' dir='ltr'>in¹</span> <span class='ocrx_word' id='word_1_191' title='bbox 530 3234 658 3299; x_wconf 84' lang='lat' dir='ltr'>augusto</span> <span class='ocrx_word' id='word_1_192' title='bbox 682 3224 801 3282; x_wconf 88' lang='lat' dir='ltr'>eulmen</span> <span class='ocrx_word' id='word_1_193' title='bbox 821 3225 949 3283; x_wconf 88' lang='lat' dir='ltr'>sublime</span> <span class='ocrx_word' id='word_1_194' title='bbox 972 3223 1087 3283; x_wconf 84' lang='lat' dir='ltr'>Senatu</span> 
     </span>
     <span class='ocr_line' id='line_1_32' title="bbox 380 3308 1006 3387; baseline -0.002 -19"><span class='ocrx_word' id='word_1_195' title='bbox 380 3311 483 3369; x_wconf 81' lang='lat' dir='ltr'>Firma</span> <span class='ocrx_word' id='word_1_196' title='bbox 506 3308 698 3387; x_wconf 87' lang='lat' dir='ltr'>spondebant</span> <span class='ocrx_word' id='word_1_197' title='bbox 716 3310 817 3367; x_wconf 87' lang='lat' dir='ltr'>omina</span> <span class='ocrx_word' id='word_1_198' title='bbox 839 3318 919 3385; x_wconf 78' lang='lat' dir='ltr'>certa</span> <span class='ocrx_word' id='word_1_199' title='bbox 938 3310 1006 3367; x_wconf 92' lang='lat' dir='ltr'>fide.</span> 
     </span>
    </p>

    <p class='ocr_par' dir='ltr' id='par_1_10' title="bbox 288 3394 1176 3555">
     <span class='ocr_line' id='line_1_33' title="bbox 288 3394 1176 3473; baseline -0.002 -18"><span class='ocrx_word' id='word_1_200' title='bbox 288 3461 289 3473; x_wconf 12' lang='grc' dir='ltr'>χ</span> <span class='ocrx_word' id='word_1_201' title='bbox 338 3397 378 3455; x_wconf 85' lang='lat' dir='ltr'>Et</span> <span class='ocrx_word' id='word_1_202' title='bbox 400 3396 455 3454; x_wconf 91' lang='lat' dir='ltr'>tibi</span> <span class='ocrx_word' id='word_1_203' title='bbox 468 3395 512 3452; x_wconf 83' lang='lat' dir='ltr'>ad</span> <span class='ocrx_word' id='word_1_204' title='bbox 527 3396 585 3452; x_wconf 89' lang='lat' dir='ltr'>hoe</span> <span class='ocrx_word' id='word_1_205' title='bbox 610 3394 714 3466; x_wconf 82' lang='lat' dir='ltr'>virtus,</span> <span class='ocrx_word' id='word_1_206' title='bbox 739 3404 769 3451; x_wconf 87' lang='lat' dir='ltr'>et</span> <span class='ocrx_word' id='word_1_207' title='bbox 788 3395 851 3451; x_wconf 85' lang='lat' dir='ltr'>vita</span> <span class='ocrx_word' id='word_1_208' title='bbox 868 3395 989 3452; x_wconf 85' lang='lat' dir='ltr'>exculta</span> <span class='ocrx_word' id='word_1_209' title='bbox 1010 3414 1064 3470; x_wconf 88' lang='lat' dir='ltr'>per</span> <span class='ocrx_word' id='word_1_210' title='bbox 1084 3401 1176 3466; x_wconf 87' lang='lat' dir='ltr'>artes,</span> 
     </span>
     <span class='ocr_line' id='line_1_34' title="bbox 380 3479 1105 3555; baseline 0 -18"><span class='ocrx_word' id='word_1_211' title='bbox 380 3480 533 3555; x_wconf 85' lang='lat' dir='ltr'>Famaque</span> <span class='ocrx_word' id='word_1_212' title='bbox 556 3481 593 3537; x_wconf 88' lang='lat' dir='ltr'>ab</span> <span class='ocrx_word' id='word_1_213' title='bbox 617 3479 752 3554; x_wconf 86' lang='lat' dir='ltr'>antiquis</span> <span class='ocrx_word' id='word_1_214' title='bbox 770 3479 865 3538; x_wconf 89' lang='lat' dir='ltr'>missa</span> <span class='ocrx_word' id='word_1_215' title='bbox 885 3479 1007 3537; x_wconf 87' lang='lat' dir='ltr'>favebat</span> <span class='ocrx_word' id='word_1_216' title='bbox 1029 3479 1105 3550; x_wconf 87' lang='lat' dir='ltr'>avis,</span> 
     </span>
    </p>

    <p class='ocr_par' dir='ltr' id='par_1_11' title="bbox 339 3563 1157 3724">
     <span class='ocr_line' id='line_1_35' title="bbox 339 3563 1157 3639; baseline -0.004 -15"><span class='ocrx_word' id='word_1_217' title='bbox 339 3566 380 3624; x_wconf 81' lang='lat' dir='ltr'>Et</span> <span class='ocrx_word' id='word_1_218' title='bbox 397 3564 536 3637; x_wconf 81' lang='lat' dir='ltr'>Genitor,</span> <span class='ocrx_word' id='word_1_219' title='bbox 559 3585 646 3639; x_wconf 89' lang='lat' dir='ltr'>quem</span> <span class='ocrx_word' id='word_1_220' title='bbox 670 3564 697 3623; x_wconf 89' lang='lat' dir='ltr'>si</span> <span class='ocrx_word' id='word_1_221' title='bbox 717 3565 773 3622; x_wconf 92' lang='lat' dir='ltr'>tibi</span> <span class='ocrx_word' id='word_1_222' title='bbox 793 3585 851 3621; x_wconf 91' lang='lat' dir='ltr'>non</span> <span class='ocrx_word' id='word_1_223' title='bbox 872 3563 989 3620; x_wconf 87' lang='lat' dir='ltr'>Natura</span> <span class='ocrx_word' id='word_1_224' title='bbox 1012 3564 1157 3637; x_wconf 87' lang='lat' dir='ltr'>dedisset,</span> 
     </span>
     <span class='ocr_line' id='line_1_36' title="bbox 381 3650 1064 3724; baseline -0.003 -16"><span class='ocrx_word' id='word_1_225' title='bbox 381 3650 413 3708; x_wconf 91' lang='lat' dir='ltr'>Is</span> <span class='ocrx_word' id='word_1_226' title='bbox 435 3650 549 3709; x_wconf 88' lang='lat' dir='ltr'>meritis</span> <span class='ocrx_word' id='word_1_227' title='bbox 574 3650 667 3709; x_wconf 90' lang='lat' dir='ltr'>animi</span> <span class='ocrx_word' id='word_1_228' title='bbox 685 3651 745 3707; x_wconf 84' lang='lat' dir='ltr'>ium</span> <span class='ocrx_word' id='word_1_229' title='bbox 769 3658 837 3706; x_wconf 91' lang='lat' dir='ltr'>tuus</span> <span class='ocrx_word' id='word_1_230' title='bbox 862 3667 931 3705; x_wconf 92' lang='lat' dir='ltr'>esse</span> <span class='ocrx_word' id='word_1_231' title='bbox 952 3657 1064 3724; x_wconf 87' lang='lat' dir='ltr'>potest.</span> 
     </span>
    </p>

    <p class='ocr_par' dir='ltr' id='par_1_12' title="bbox 341 3732 1154 3811">
     <span class='ocr_line' id='line_1_37' title="bbox 341 3732 1154 3811; baseline -0.005 -18"><span class='ocrx_word' id='word_1_232' title='bbox 341 3734 386 3793; x_wconf 89' lang='lat' dir='ltr'>Te</span> <span class='ocrx_word' id='word_1_233' title='bbox 409 3734 537 3811; x_wconf 90' lang='lat' dir='ltr'>primum</span> <span class='ocrx_word' id='word_1_234' title='bbox 561 3736 639 3795; x_wconf 84' lang='lat' dir='ltr'>sacri</span> <span class='ocrx_word' id='word_1_235' title='bbox 661 3734 776 3796; x_wconf 85' lang='lat' dir='ltr'>Genius</span> <span class='ocrx_word' id='word_1_236' title='bbox 801 3733 926 3791; x_wconf 87' lang='lat' dir='ltr'>Themis</span> <span class='ocrx_word' id='word_1_237' title='bbox 948 3733 1029 3791; x_wconf 88' lang='lat' dir='ltr'>alma</span> <span class='ocrx_word' id='word_1_238' title='bbox 1050 3732 1154 3793; x_wconf 89' lang='lat' dir='ltr'>Senati</span> 
     </span>
    </p>
   </div>
   <div class='ocr_carea' id='block_1_4' title="bbox 0 0 1453 4650">
    <p class='ocr_par' dir='ltr' id='par_1_13' title="bbox 0 0 1453 4650">
     <span class='ocr_line' id='line_1_38' title="bbox 0 0 1453 4650; baseline 0 0"><span class='ocrx_word' id='word_1_239' title='bbox 0 0 1453 4650; x_wconf 95' lang='lat' dir='ltr'> </span> 
     </span>
    </p>
   </div>
  </div>
 </body>
</html>
