2884 4650
605 542 667 600 315

182 709 301 768 Deinde
322 709 594 786 semper-virgines
617 730 708 788 prece
726 711 847 783 invoco,

183 796 270 871 Quae
290 813 412 872 semper
431 795 586 853 intuentur
604 797 751 854 humanas
774 797 867 868 vices,

183 879 311 941 Sanctae
331 879 466 938 Dearum
486 889 645 956 praepetes
665 881 788 940 Furias:
812 881 922 954 sciant,
982 909 985 915 »

182 965 234 1025 Uti
254 983 303 1023 me
323 965 450 1023 Atridae
468 965 623 1042 principes
649 965 774 1044 adigunt
791 967 880 1024 mori.

181 1051 305 1125 anque
326 1051 358 1108 in
378 1049 503 1108 exitium
524 1051 661 1109 ultimum
681 1051 777 1109 malos
799 1051 879 1108 male
928 1087 932 1092 ·

181 1136 324 1212 Rapiant.
348 1143 387 1208 et,
409 1143 442 1192 ut
462 1154 512 1192 me
532 1155 603 1194 mox
627 1137 790 1195 tuebuntur
812 1155 880 1194 mea

183 1219 314 1280 Caesam
338 1221 428 1277 manu
449 1222 559 1294 iacere,
584 1223 627 1280 sic
649 1222 808 1297 nepotibus

181 1305 302 1364 Poenas
324 1305 455 1364 nefanda
478 1306 569 1363 caede
590 1307 741 1383 postumia
764 1305 858 1364 luant.

181 1392 284 1468 Agite,
306 1389 347 1448 ite
371 1390 496 1463 celeres,
520 1391 562 1448 ite
584 1392 693 1450 Furiae
712 1391 858 1449 vindices.

183 1476 314 1534 Tentate
334 1471 439 1552 volgus
460 1494 559 1549 omne,
581 1497 620 1534 ne
643 1476 836 1554 compercite.

183 1559 246 1634 Sol,
267 1561 319 1636 qui
342 1579 484 1637 suprema
503 1561 618 1638 templa
639 1561 783 1620 curriculo
803 1561 880 1621 citus
1092 1556 1145 1612 345

181 1646 323 1717 Lustras,
343 1654 488 1722 paternae
512 1645 658 1706 institeris
680 1655 713 1705 ut
732 1655 830 1704 terrae
852 1666 938 1706 meae

183 1730 336 1808 Strigans,
359 1750 519 1806 parumper
538 1733 641 1790 inhibe
664 1733 799 1790 habenas
820 1751 928 1792 aureas

181 1816 326 1891 Utrisque
348 1816 468 1874 miseris
490 1816 582 1876 funus
604 1837 639 1874 ac
661 1836 750 1876 casus
770 1820 856 1876 meos

181 1905 291 1960 Aetate
308 1919 384 1958 cana
406 1901 515 1958 nuncia
537 1904 722 1976 parentibus.

181 1987 243 2046 Ubi
264 1987 346 2044 fama
368 1987 499 2045 miserae
519 1988 623 2046 matris
647 2005 735 2046 aures
756 1986 882 2059 accidet,

182 2071 295 2131 Totam
316 2090 370 2146 per
391 2072 496 2129 urbem
520 2073 657 2145 ululabit,
683 2071 852 2130 eiulabitur.

181 2157 250 2216 Nec
272 2157 386 2214 fructus
408 2174 517 2232 operae
539 2166 586 2216 cst
606 2159 665 2217 ista
685 2159 799 2215 frustra
818 2155 967 2229 conqueri.

181 2246 260 2321 Age,
284 2241 461 2300 ordiendum
485 2247 532 2298 est
556 2243 675 2301 facinus
698 2249 830 2301 actutum
851 2240 934 2298 mihi.

183 2330 211 2389 Ο
235 2346 315 2386 mors
339 2346 405 2404 age,
424 2347 441 2384 0
466 2346 545 2387 mors
566 2348 632 2407 age,
653 2331 735 2402 veni,
766 2345 869 2386 acme
890 2326 990 2384 visita.

182 2412 362 2488 Quanquam
385 2412 560 2487 alloquendi
582 2422 701 2491 tempus
725 2413 799 2473 olim
820 2412 877 2469 erit
897 2412 982 2470 satis.
1096 2410 1147 2465 855

182 2496 229 2557 Te
252 2498 329 2557 lucis
350 2497 448 2555 almae
468 2499 726 2559 candidissumum
746 2499 849 2556 iubar:

182 2584 240 2656 Te,
264 2584 322 2656 sol,
347 2590 377 2639 et
399 2582 496 2639 almae
517 2584 594 2643 lucis
619 2584 755 2662 aurigam
777 2583 915 2656 alloquor

181 2669 424 2740 Posterrumum,
445 2666 581 2743 inquam,
604 2679 636 2727 ut
657 2678 767 2746 postea
790 2684 943 2741 nunquam
956 2664 1097 2742 amplius.

183 2754 210 2815 Ο
234 2755 348 2827 lumen,
372 2772 390 2811 ο
414 2753 600 2812 domesticae
624 2773 742 2814 sacrum
765 2752 862 2813 solum

183 2838 360 2909 Salaminis,
384 2858 402 2896 ο
428 2840 489 2897 mei
506 2848 631 2915 penates
656 2840 761 2915 patrii:
1094 2831 1148 2887 860

180 2926 247 2984 Vos
269 2925 368 2982 clarae
388 2923 537 2998 Athenae,
556 2944 672 2999 vosque
695 2924 824 3001 gentiles
847 2921 917 2994 mei,

179 3011 364 3085 Fontesque,
391 3008 474 3067 fluvii
496 3029 551 3068 vos
572 3009 690 3069 valete:
714 3008 818 3068 Troici

182 3095 292 3171 Campi
312 3094 423 3166 valete,
444 3103 474 3152 et
493 3114 547 3153 vos
569 3096 630 3153 mei
652 3095 779 3153 nutricii

181 3180 271 3240 Haec
294 3180 387 3238 verba
408 3181 496 3239 vobis
520 3180 581 3245 edit
600 3181 680 3238 Aiax
698 3180 816 3254 ultima,

180 3267 314 3341 Reliqua
336 3264 416 3341 apud
436 3266 549 3325 Orcum
568 3266 654 3324 fabor
673 3266 883 3325 infernatibus.
1095 3259 1148 3313 8⁶5

421 3342 648 3421 llhllXOPOE,
672 3350 861 3410 Semicborus.
1087 3348 1091 3356 “

183 3435 234 3497 Se.
277 3436 381 3494 Labor
402 3435 516 3513 duplex
537 3435 638 3513 gravis
661 3435 759 3494 labor.

183 3522 284 3597 Quem
308 3541 370 3579 non
391 3520 470 3579 adivi
493 3540 549 3598 ego
572 3521 695 3579 locum?

181 3606 261 3679 Nec,
285 3607 337 3682 qui
359 3605 464 3663 docere
485 3606 593 3683 possit,
615 3604 696 3663 ullus
720 3611 768 3663 est
787 3602 884 3660 locus.
989 3634 993 3637 ·

181 3692 277 3765 Tace,
299 3700 374 3749 tace.
393 3690 505 3748 fallor?
526 3708 564 3747 an
588 3708 694 3749 sonum
719 3686 831 3745 audio?

182 3776 235 3839 se.
277 3776 369 3836 Vero.
395 3776 515 3835 sodales
537 3775 680 3833 classicos
704 3790 762 3831 nos
786 3770 912 3830 scilicet.
