2884 4650
606 507 644 566 13

101 725 104 742 ‚
175 672 280 731 Omnis
303 673 389 732 ocius
412 673 470 731 buc
493 693 549 732 sna

210 758 290 815 Vota
313 759 484 817 contribuat
503 759 569 832 tibi,

213 843 273 917 Qui
292 850 375 900 tuum
402 843 533 902 thiasum
556 845 640 917 colit,

212 927 283 1002 Qui,
307 928 446 1001 Melissa,
468 930 565 988 sititor
587 937 634 988 est

101 963 103 1096 i
212 1012 457 1089 Hippocranidos
484 1014 591 1072 undae.

101 1099 102 1162 l
174 1099 267 1157 Ambo
292 1098 486 1157 contribuant
507 1119 593 1158 suum

213 1181 353 1256 Carmen,
370 1183 462 1258 inque
483 1184 579 1242 vicem
601 1184 658 1244 sibi
769 1189 774 1196 '

213 1267 302 1328 Serta
322 1276 426 1326 mutua
449 1277 626 1346 comparent

211 1353 290 1413 Filio
316 1353 445 1412 celebris
467 1373 591 1431 parens,

100 1489 101 1518 ἶ
211 1438 366 1513 Filiusque
385 1440 514 1514 parentir

100 1519 101 1528 ’
177 1522 289 1598 Tuque,
313 1542 392 1598 quae
414 1525 509 1582 semel
531 1524 613 1581 edita

212 1609 305 1668 Prole
326 1617 423 1666 mater
445 1628 478 1668 es
502 1609 604 1681 unius,

212 1695 311 1754 Mater
334 1695 406 1752 alite
429 1713 495 1751 cum
518 1695 600 1753 bona

212 1779 299 1838 Vatis
324 1788 389 1838 esto
412 1798 468 1837 nec
488 1779 591 1851 unius,

212 1864 278 1924 Nec
300 1872 427 1940 parente
449 1865 586 1923 minoris.

327 2033 356 2091 l.
403 2035 442 2091 In
465 2034 599 2092 tabellam
621 2034 751 2106 depictae
771 2031 923 2088 Dominae.

177 2118 245 2178 cum
269 2119 424 2178 dominam
444 2127 568 2177 nostrae
589 2117 698 2176 mentis
713 2135 830 2175 memor
845 2134 919 2173 aura
929 2123 1082 2190 retractat,

212 2205 373 2264 Praesenti
395 2205 552 2262 absentem
574 2221 668 2278 parua
689 2202 803 2260 tabella
824 2202 927 2261 refert.

177 2288 245 2349 cum
268 2299 401 2349 mentem
422 2289 558 2361 artificis,
579 2307 644 2347 oum
664 2288 759 2346 miror
775 2287 917 2365 imaginis
935 2287 1083 2361 umbram,

213 2377 263 2435 Illi
285 2378 359 2433 hera
381 2394 447 2451 par,
475 2374 524 2433 vel
543 2392 600 2451 par
622 2374 676 2431 illa
694 2374 814 2431 videtur
831 2375 932 2430 herae.

174 2460 311 2536 Denique
331 2460 529 2535 quodcunque
552 2467 615 2529 est3
639 2459 747 2535 genius
769 2457 957 2517 certissimus
977 2457 1052 2517 artis

215 2546 428 2605 Transformat
451 2563 560 2603 sensus
583 2545 616 2601 in
640 2562 695 2602 sua
717 2543 807 2620 signa
828 2562 924 2601 meos.

174 2632 303 2704 Miraris,
325 2630 494 2706 siquando
515 2630 588 2687 mihi
610 2628 734 2686 domina
757 2628 886 2703 imperat
907 2628 1040 2687 absens?

213 2718 348 2793 Imperat
368 2717 442 2773 haec
464 2716 555 2773 etiam
577 2722 661 2771 muta
679 2713 794 2771 tabella
815 2714 898 2772 mibi.

402 2887 430 2945 5.
473 2886 525 2943 Ea
544 2885 649 2943 Italico
670 2884 855 2941 Petras-eboc.

175 2971 240 3029 Lux
261 2970 366 3029 aderat
387 2990 447 3046 qua
470 2968 525 3030 Sol
547 2969 700 3046 ferrugine
721 2968 862 3026 conditus
882 2975 949 3026 atra

213 3056 359 3115 Testatus
380 3055 508 3115 Domini
528 3062 575 3113 est
594 3055 703 3111 funera
724 3054 834 3120 acerba
854 3053 912 3125 sui,

176 3141 242 3217 Qua
262 3142 355 3218 perii:
375 3160 477 3219 neque
498 3141 554 3199 sub
578 3158 682 3198 casses
706 3138 854 3215 dilapsus,
877 3137 977 3206 Aella,

214 3224 316 3299 Sensi,
337 3226 502 3285 luminibus
525 3233 642 3301 captus,
663 3224 763 3295 Aello,
788 3224 858 3282 tuis.

173 3310 237 3369 Nec
259 3308 391 3369 mentem
417 3310 515 3369 adieci
538 3310 631 3381 bello,
654 3327 779 3367 securus
802 3309 931 3367 abibam.

212 3397 271 3454 Illa
292 3396 442 3455 elementa
465 3395 524 3454 mei
545 3395 645 3471 prima
663 3395 748 3452 luere
771 3393 853 3451 mali.

174 3480 247 3539 Gum
270 3483 344 3539 mihi
365 3483 494 3558 pacifico
519 3480 717 3543 saevissimus
740 3479 850 3548 bostis,
872 3474 981 3533 inermi

213 3568 364 3644 Armiger,
387 3566 502 3626 imbelli
524 3565 651 3625 bellicus
669 3566 764 3623 instat
784 3566 896 3631 Amor3

172 3650 290 3727 Perque
310 3652 412 3711 oculos
436 3652 520 3711 cordi
538 3650 673 3709 insinuat
695 3655 853 3725 grassator
877 3654 1016 3723 apertos3

215 3736 276 3813 Qui
298 3737 386 3795 modo
408 3745 479 3797 sunt
499 3734 632 3795 lacrimis
654 3736 747 3792 ianua
768 3733 840 3791 trita
860 3733 947 3791 meis.
