<?xml version="1.0" encoding="UTF-8"?>
<!DOCTYPE html PUBLIC "-//W3C//DTD XHTML 1.0 Transitional//EN"
    "http://www.w3.org/TR/xhtml1/DTD/xhtml1-transitional.dtd">
<html xmlns="http://www.w3.org/1999/xhtml" xml:lang="en" lang="en">
 <head>
  <title>
</title>
<meta http-equiv="Content-Type" content="text/html;charset=utf-8" />
  <meta name='ocr-system' content='tesseract 3.04.00' />
  <meta name='ocr-capabilities' content='ocr_page ocr_carea ocr_par ocr_line ocrx_word'/>
</head>
<body>
  <div class='ocr_page' id='page_1' title='image "./poemataomnia00scalgoog_0357.png"; bbox 0 0 2884 4650; ppageno 0'>
   <div class='ocr_carea' id='block_1_1' title="bbox 772 498 834 557">
    <p class='ocr_par' dir='ltr' id='par_1_1' title="bbox 772 498 834 557">
     <span class='ocr_line' id='line_1_1' title="bbox 772 498 834 557; baseline 0 -1"><span class='ocrx_word' id='word_1_1' title='bbox 772 498 834 557; x_wconf 81' lang='lat'>320</span> 
     </span>
    </p>
   </div>
   <div class='ocr_carea' id='block_1_2' title="bbox 284 659 1294 3636">
    <p class='ocr_par' dir='ltr' id='par_1_2' title="bbox 284 659 1294 3636">
     <span class='ocr_line' id='line_1_2' title="bbox 284 659 1084 744; baseline 0.001 -19"><span class='ocrx_word' id='word_1_2' title='bbox 284 671 351 727; x_wconf 82' lang='lat'>1010</span> <span class='ocrx_word' id='word_1_3' title='bbox 361 665 434 727; x_wconf 89' lang='lat' dir='ltr'>Sine</span> <span class='ocrx_word' id='word_1_4' title='bbox 457 673 486 724; x_wconf 94' lang='lat' dir='ltr'>te</span> <span class='ocrx_word' id='word_1_5' title='bbox 510 666 659 743; x_wconf 79' lang='lat' dir='ltr'>recipiet?</span> <span class='ocrx_word' id='word_1_6' title='bbox 681 659 829 744; x_wconf 78' lang='lat' dir='ltr'>quippini</span> <span class='ocrx_word' id='word_1_7' title='bbox 841 668 893 742; x_wconf 90' lang='lat' dir='ltr'>qui</span> <span class='ocrx_word' id='word_1_8' title='bbox 914 669 964 725; x_wconf 86' lang='lat' dir='ltr'>vel</span> <span class='ocrx_word' id='word_1_9' title='bbox 986 688 1084 743; x_wconf 87' lang='lat' dir='ltr'>neque</span> 
     </span>
     <span class='ocr_line' id='line_1_3' title="bbox 358 751 950 828; baseline 0 -19"><span class='ocrx_word' id='word_1_10' title='bbox 358 753 394 809; x_wconf 93' lang='lat' dir='ltr'>In</span> <span class='ocrx_word' id='word_1_11' title='bbox 417 770 451 809; x_wconf 90' lang='lat' dir='ltr'>re</span> <span class='ocrx_word' id='word_1_12' title='bbox 473 751 606 810; x_wconf 86' lang='lat' dir='ltr'>secunda</span> <span class='ocrx_word' id='word_1_13' title='bbox 624 752 732 828; x_wconf 85' lang='lat' dir='ltr'>gaudio</span> <span class='ocrx_word' id='word_1_14' title='bbox 756 752 950 811; x_wconf 78' lang='lat' dir='ltr'>diffunditur?</span> 
     </span>
     <span class='ocr_line' id='line_1_4' title="bbox 360 835 1061 914; baseline 0 -18"><span class='ocrx_word' id='word_1_15' title='bbox 360 835 488 896; x_wconf 85' lang='lat' dir='ltr'>Cuinam</span> <span class='ocrx_word' id='word_1_16' title='bbox 509 836 562 894; x_wconf 92' lang='lat' dir='ltr'>ille</span> <span class='ocrx_word' id='word_1_17' title='bbox 584 837 663 895; x_wconf 92' lang='lat' dir='ltr'>dicto</span> <span class='ocrx_word' id='word_1_18' title='bbox 686 847 801 914; x_wconf 89' lang='lat' dir='ltr'>parcet,</span> <span class='ocrx_word' id='word_1_19' title='bbox 824 849 876 897; x_wconf 89' lang='lat' dir='ltr'>aut</span> <span class='ocrx_word' id='word_1_20' title='bbox 898 837 1061 896; x_wconf 79' lang='lat' dir='ltr'>convicio?</span> 
     </span>
     <span class='ocr_line' id='line_1_5' title="bbox 359 922 1104 998; baseline 0 -18"><span class='ocrx_word' id='word_1_21' title='bbox 359 923 410 980; x_wconf 92' lang='lat' dir='ltr'>Me</span> <span class='ocrx_word' id='word_1_22' title='bbox 433 923 577 998; x_wconf 89' lang='lat' dir='ltr'>spurium,</span> <span class='ocrx_word' id='word_1_23' title='bbox 597 930 627 979; x_wconf 92' lang='lat' dir='ltr'>et</span> <span class='ocrx_word' id='word_1_24' title='bbox 648 922 716 996; x_wconf 87' lang='lat' dir='ltr'>ipsa</span> <span class='ocrx_word' id='word_1_25' title='bbox 736 922 846 980; x_wconf 88' lang='lat' dir='ltr'>bellica</span> <span class='ocrx_word' id='word_1_26' title='bbox 868 923 981 998; x_wconf 87' lang='lat' dir='ltr'>praeda</span> <span class='ocrx_word' id='word_1_27' title='bbox 1006 931 1104 981; x_wconf 88' lang='lat' dir='ltr'>satum</span> 
     </span>
     <span class='ocr_line' id='line_1_6' title="bbox 359 1007 998 1084; baseline 0.003 -20"><span class='ocrx_word' id='word_1_28' title='bbox 359 1007 526 1084; x_wconf 85' lang='lat' dir='ltr'>Ignaviane</span> <span class='ocrx_word' id='word_1_29' title='bbox 549 1007 669 1078; x_wconf 89' lang='lat' dir='ltr'>mentis,</span> <span class='ocrx_word' id='word_1_30' title='bbox 691 1027 731 1065; x_wconf 85' lang='lat' dir='ltr'>au</span> <span class='ocrx_word' id='word_1_31' title='bbox 751 1017 842 1081; x_wconf 91' lang='lat' dir='ltr'>metu,</span> <span class='ocrx_word' id='word_1_32' title='bbox 865 1028 904 1066; x_wconf 90' lang='lat' dir='ltr'>an</span> <span class='ocrx_word' id='word_1_33' title='bbox 927 1008 998 1066; x_wconf 93' lang='lat' dir='ltr'>dolo</span> 
     </span>
     <span class='ocr_line' id='line_1_7' title="bbox 284 1091 984 1168; baseline 0.001 -18"><span class='ocrx_word' id='word_1_34' title='bbox 284 1092 406 1152; x_wconf 82' lang='lat' dir='ltr'>1015Te</span> <span class='ocrx_word' id='word_1_35' title='bbox 426 1092 610 1168; x_wconf 82' lang='lat' dir='ltr'><strong>prodidisse,</strong></span> <span class='ocrx_word' id='word_1_36' title='bbox 633 1091 728 1150; x_wconf 82' lang='lat' dir='ltr'>irater</span> <span class='ocrx_word' id='word_1_37' title='bbox 748 1093 839 1165; x_wconf 87' lang='lat' dir='ltr'>Aiax,</span> <span class='ocrx_word' id='word_1_38' title='bbox 863 1102 896 1151; x_wconf 91' lang='lat' dir='ltr'>ut</span> <span class='ocrx_word' id='word_1_39' title='bbox 916 1101 984 1151; x_wconf 87' lang='lat' dir='ltr'>tuas</span> 
     </span>
     <span class='ocr_line' id='line_1_8' title="bbox 359 1177 1088 1254; baseline -0.003 -18"><span class='ocrx_word' id='word_1_40' title='bbox 359 1177 490 1250; x_wconf 91' lang='lat' dir='ltr'>Domos,</span> <span class='ocrx_word' id='word_1_41' title='bbox 507 1185 537 1234; x_wconf 90' lang='lat' dir='ltr'>et</span> <span class='ocrx_word' id='word_1_42' title='bbox 554 1196 670 1234; x_wconf 91' lang='lat' dir='ltr'>omnem</span> <span class='ocrx_word' id='word_1_43' title='bbox 694 1178 881 1254; x_wconf 81' lang='lat' dir='ltr'>possiderem</span> <span class='ocrx_word' id='word_1_44' title='bbox 904 1178 1088 1235; x_wconf 70' lang='lat' dir='ltr'>habentium.</span> 
     </span>
     <span class='ocr_line' id='line_1_9' title="bbox 361 1263 1026 1338; baseline 0.002 -19"><span class='ocrx_word' id='word_1_45' title='bbox 361 1263 452 1319; x_wconf 87' lang='lat' dir='ltr'>Talia</span> <span class='ocrx_word' id='word_1_46' title='bbox 474 1279 597 1320; x_wconf 89' lang='lat' dir='ltr'>severus</span> <span class='ocrx_word' id='word_1_47' title='bbox 621 1280 777 1338; x_wconf 84' lang='lat' dir='ltr'>perperam</span> <span class='ocrx_word' id='word_1_48' title='bbox 801 1263 971 1338; x_wconf 91' lang='lat' dir='ltr'>profabitur</span> <span class='ocrx_word' id='word_1_49' title='bbox 1024 1264 1026 1267; x_wconf 70' lang='grc'><em>’</em></span> 
     </span>
     <span class='ocr_line' id='line_1_10' title="bbox 359 1348 982 1424; baseline -0.005 -17"><span class='ocrx_word' id='word_1_50' title='bbox 359 1351 459 1422; x_wconf 84' lang='lat' dir='ltr'>Asper</span> <span class='ocrx_word' id='word_1_51' title='bbox 480 1355 615 1419; x_wconf 78' lang='lat' dir='ltr'>senecta,</span> <span class='ocrx_word' id='word_1_52' title='bbox 639 1348 746 1424; x_wconf 85' lang='lat' dir='ltr'>iurgiis</span> <span class='ocrx_word' id='word_1_53' title='bbox 773 1352 862 1406; x_wconf 81' lang='lat' dir='ltr'>atrox</span> <span class='ocrx_word' id='word_1_54' title='bbox 883 1349 982 1406; x_wconf 88' lang='lat' dir='ltr'>homo.</span> 
     </span>
     <span class='ocr_line' id='line_1_11' title="bbox 361 1431 933 1507; baseline -0.007 -13"><span class='ocrx_word' id='word_1_55' title='bbox 361 1431 434 1493; x_wconf 88' lang='lat' dir='ltr'>Solo</span> <span class='ocrx_word' id='word_1_56' title='bbox 454 1440 581 1507; x_wconf 90' lang='lat' dir='ltr'>paterno</span> <span class='ocrx_word' id='word_1_57' title='bbox 601 1431 781 1491; x_wconf 90' lang='lat' dir='ltr'>eliminabor</span> <span class='ocrx_word' id='word_1_58' title='bbox 804 1433 933 1507; x_wconf 91' lang='lat' dir='ltr'>denique</span> 
     </span>
     <span class='ocr_line' id='line_1_12' title="bbox 285 1516 1047 1592; baseline -0.012 -11"><span class='ocrx_word' id='word_1_59' title='bbox 285 1525 352 1581; x_wconf 70' lang='lat'><strong>1020</strong></span> <span class='ocrx_word' id='word_1_60' title='bbox 362 1516 508 1578; x_wconf 86' lang='lat' dir='ltr'>Sermone</span> <span class='ocrx_word' id='word_1_61' title='bbox 529 1517 623 1592; x_wconf 89' lang='lat' dir='ltr'>patris</span> <span class='ocrx_word' id='word_1_62' title='bbox 647 1535 766 1590; x_wconf 89' lang='lat' dir='ltr'>servus,</span> <span class='ocrx_word' id='word_1_63' title='bbox 788 1527 819 1575; x_wconf 89' lang='lat' dir='ltr'>et</span> <span class='ocrx_word' id='word_1_64' title='bbox 839 1518 917 1575; x_wconf 87' lang='lat' dir='ltr'>liber</span> <span class='ocrx_word' id='word_1_65' title='bbox 938 1526 1047 1575; x_wconf 86' lang='lat' dir='ltr'>tamen.</span> 
     </span>
     <span class='ocr_line' id='line_1_13' title="bbox 359 1600 1190 1676; baseline 0 -17"><span class='ocrx_word' id='word_1_66' title='bbox 359 1602 399 1659; x_wconf 85' lang='lat' dir='ltr'>Et</span> <span class='ocrx_word' id='word_1_67' title='bbox 419 1601 495 1659; x_wconf 84' lang='lat' dir='ltr'>haec</span> <span class='ocrx_word' id='word_1_68' title='bbox 515 1602 634 1676; x_wconf 89' lang='lat' dir='ltr'>quidem</span> <span class='ocrx_word' id='word_1_69' title='bbox 657 1603 745 1660; x_wconf 89' lang='lat' dir='ltr'>domi.</span> <span class='ocrx_word' id='word_1_70' title='bbox 770 1610 818 1661; x_wconf 91' lang='lat' dir='ltr'>ast</span> <span class='ocrx_word' id='word_1_71' title='bbox 839 1622 887 1660; x_wconf 92' lang='lat' dir='ltr'>me</span> <span class='ocrx_word' id='word_1_72' title='bbox 907 1603 938 1659; x_wconf 92' lang='lat' dir='ltr'>in</span> <span class='ocrx_word' id='word_1_73' title='bbox 959 1602 1040 1659; x_wconf 84' lang='lat' dir='ltr'>arvis</span> <span class='ocrx_word' id='word_1_74' title='bbox 1064 1600 1190 1659; x_wconf 80' lang='lat' dir='ltr'>Troicis</span> 
     </span>
     <span class='ocr_line' id='line_1_14' title="bbox 362 1687 984 1762; baseline -0.005 -16"><span class='ocrx_word' id='word_1_75' title='bbox 362 1687 463 1747; x_wconf 90' lang='lat' dir='ltr'>Odere</span> <span class='ocrx_word' id='word_1_76' title='bbox 488 1687 583 1756; x_wconf 86' lang='lat' dir='ltr'>multi,</span> <span class='ocrx_word' id='word_1_77' title='bbox 603 1687 656 1746; x_wconf 90' lang='lat' dir='ltr'>sed</span> <span class='ocrx_word' id='word_1_78' title='bbox 675 1688 779 1748; x_wconf 87' lang='lat' dir='ltr'>favent</span> <span class='ocrx_word' id='word_1_79' title='bbox 800 1687 984 1762; x_wconf 83' lang='lat' dir='ltr'>paucissimi.</span> 
     </span>
     <span class='ocr_line' id='line_1_15' title="bbox 360 1772 1103 1849; baseline -0.001 -21"><span class='ocrx_word' id='word_1_80' title='bbox 360 1772 543 1846; x_wconf 90' lang='lat' dir='ltr'>Isthuncquc</span> <span class='ocrx_word' id='word_1_81' title='bbox 562 1773 688 1832; x_wconf 83' lang='lat' dir='ltr'>fructum</span> <span class='ocrx_word' id='word_1_82' title='bbox 711 1781 809 1831; x_wconf 87' lang='lat' dir='ltr'>morte</span> <span class='ocrx_word' id='word_1_83' title='bbox 828 1772 965 1849; x_wconf 92' lang='lat' dir='ltr'>percipio</span> <span class='ocrx_word' id='word_1_84' title='bbox 989 1779 1049 1828; x_wconf 89' lang='lat' dir='ltr'>tua.</span> <span class='ocrx_word' id='word_1_85' title='bbox 1090 1783 1103 1803; x_wconf 86' lang='grc'><em>·</em></span> 
     </span>
     <span class='ocr_line' id='line_1_16' title="bbox 360 1856 1184 1934; baseline -0.005 -20"><span class='ocrx_word' id='word_1_86' title='bbox 360 1856 453 1914; x_wconf 89' lang='lat' dir='ltr'>Perii.</span> <span class='ocrx_word' id='word_1_87' title='bbox 474 1857 546 1931; x_wconf 92' lang='lat' dir='ltr'>quid</span> <span class='ocrx_word' id='word_1_88' title='bbox 567 1857 661 1934; x_wconf 81' lang='lat' dir='ltr'>ergo?</span> <span class='ocrx_word' id='word_1_89' title='bbox 681 1857 834 1932; x_wconf 90' lang='lat' dir='ltr'>quomodo</span> <span class='ocrx_word' id='word_1_90' title='bbox 855 1866 897 1931; x_wconf 90' lang='lat' dir='ltr'>te,</span> <span class='ocrx_word' id='word_1_91' title='bbox 918 1858 1051 1931; x_wconf 87' lang='lat' dir='ltr'>inquam,</span> <span class='ocrx_word' id='word_1_92' title='bbox 1071 1873 1184 1911; x_wconf 87' lang='lat' dir='ltr'>exuam</span> 
     </span>
     <span class='ocr_line' id='line_1_17' title="bbox 284 1940 1112 2019; baseline -0.01 -15"><span class='ocrx_word' id='word_1_93' title='bbox 284 1942 534 2004; x_wconf 74' lang='lat' dir='ltr'>1025Dirissum0</span> <span class='ocrx_word' id='word_1_94' title='bbox 555 1942 656 2001; x_wconf 90' lang='lat' dir='ltr'>isthoc</span> <span class='ocrx_word' id='word_1_95' title='bbox 677 1942 773 2002; x_wconf 81' lang='lat' dir='ltr'>ense?</span> <span class='ocrx_word' id='word_1_96' title='bbox 795 1943 851 2000; x_wconf 90' lang='lat' dir='ltr'>sub</span> <span class='ocrx_word' id='word_1_97' title='bbox 874 1942 956 2019; x_wconf 85' lang='lat' dir='ltr'>quali</span> <span class='ocrx_word' id='word_1_98' title='bbox 975 1943 1034 1999; x_wconf 90' lang='lat' dir='ltr'>heu</span> <span class='ocrx_word' id='word_1_99' title='bbox 1056 1940 1112 1998; x_wconf 93' lang='lat' dir='ltr'>tibi</span> 
     </span>
     <span class='ocr_line' id='line_1_18' title="bbox 361 2026 1033 2104; baseline -0.004 -18"><span class='ocrx_word' id='word_1_100' title='bbox 361 2026 518 2086; x_wconf 85' lang='lat' dir='ltr'>Carnufice</span> <span class='ocrx_word' id='word_1_101' title='bbox 540 2029 602 2084; x_wconf 87' lang='lat' dir='ltr'>vita</span> <span class='ocrx_word' id='word_1_102' title='bbox 622 2029 732 2104; x_wconf 76' lang='lat' dir='ltr'>periit?</span> <span class='ocrx_word' id='word_1_103' title='bbox 753 2027 870 2085; x_wconf 85' lang='lat' dir='ltr'>Hector</span> <span class='ocrx_word' id='word_1_104' title='bbox 892 2027 1033 2103; x_wconf 91' lang='lat' dir='ltr'>denique,</span> 
     </span>
     <span class='ocr_line' id='line_1_19' title="bbox 359 2111 1006 2188; baseline -0.005 -17"><span class='ocrx_word' id='word_1_105' title='bbox 359 2111 427 2171; x_wconf 90' lang='lat' dir='ltr'>Nec</span> <span class='ocrx_word' id='word_1_106' title='bbox 445 2133 484 2170; x_wconf 92' lang='lat' dir='ltr'>ne</span> <span class='ocrx_word' id='word_1_107' title='bbox 508 2113 638 2184; x_wconf 80' lang='lat' dir='ltr'>sciebas,</span> <span class='ocrx_word' id='word_1_108' title='bbox 660 2121 691 2170; x_wconf 88' lang='lat' dir='ltr'>te</span> <span class='ocrx_word' id='word_1_109' title='bbox 713 2113 841 2188; x_wconf 82' lang='lat' dir='ltr'>peremit</span> <span class='ocrx_word' id='word_1_110' title='bbox 864 2121 1006 2170; x_wconf 89' lang='lat' dir='ltr'>mortuus.</span> 
     </span>
     <span class='ocr_line' id='line_1_20' title="bbox 360 2197 1005 2272; baseline 0 -17"><span class='ocrx_word' id='word_1_111' title='bbox 360 2199 468 2256; x_wconf 90' lang='lat' dir='ltr'>Videte</span> <span class='ocrx_word' id='word_1_112' title='bbox 491 2216 580 2256; x_wconf 89' lang='lat' dir='ltr'>casus</span> <span class='ocrx_word' id='word_1_113' title='bbox 602 2217 656 2272; x_wconf 90' lang='lat' dir='ltr'>per</span> <span class='ocrx_word' id='word_1_114' title='bbox 674 2197 760 2257; x_wconf 90' lang='lat' dir='ltr'>Deos</span> <span class='ocrx_word' id='word_1_115' title='bbox 785 2199 874 2255; x_wconf 82' lang='lat' dir='ltr'>dudm</span> <span class='ocrx_word' id='word_1_116' title='bbox 899 2198 1005 2255; x_wconf 78' lang='lat' dir='ltr'>virum.</span> 
     </span>
     <span class='ocr_line' id='line_1_21' title="bbox 361 2281 968 2359; baseline -0.003 -16"><span class='ocrx_word' id='word_1_117' title='bbox 361 2283 430 2355; x_wconf 90' lang='lat' dir='ltr'>Illo,</span> <span class='ocrx_word' id='word_1_118' title='bbox 454 2281 535 2359; x_wconf 90' lang='lat' dir='ltr'>quod</span> <span class='ocrx_word' id='word_1_119' title='bbox 555 2283 635 2341; x_wconf 87' lang='lat' dir='ltr'>Aiax</span> <span class='ocrx_word' id='word_1_120' title='bbox 658 2291 842 2356; x_wconf 83' lang='lat' dir='ltr'>muneraret,</span> <span class='ocrx_word' id='word_1_121' title='bbox 866 2283 968 2341; x_wconf 88' lang='lat' dir='ltr'>balteo</span> 
     </span>
     <span class='ocr_line' id='line_1_22' title="bbox 285 2368 976 2439; baseline -0.001 -13"><span class='ocrx_word' id='word_1_122' title='bbox 285 2378 352 2432; x_wconf 81' lang='lat'>1030</span> <span class='ocrx_word' id='word_1_123' title='bbox 363 2368 519 2427; x_wconf 87' lang='lat' dir='ltr'>Traiectos</span> <span class='ocrx_word' id='word_1_124' title='bbox 543 2368 655 2426; x_wconf 89' lang='lat' dir='ltr'>Hector</span> <span class='ocrx_word' id='word_1_125' title='bbox 676 2388 693 2426; x_wconf 91' lang='lat' dir='ltr'>e</span> <span class='ocrx_word' id='word_1_126' title='bbox 715 2368 868 2427; x_wconf 89' lang='lat' dir='ltr'>curulibus</span> <span class='ocrx_word' id='word_1_127' title='bbox 888 2369 976 2439; x_wconf 85' lang='lat' dir='ltr'>rotis,</span> 
     </span>
     <span class='ocr_line' id='line_1_23' title="bbox 359 2454 1111 2530; baseline 0.003 -19"><span class='ocrx_word' id='word_1_128' title='bbox 359 2454 510 2530; x_wconf 87' lang='lat' dir='ltr'>Raptatus</span> <span class='ocrx_word' id='word_1_129' title='bbox 533 2472 630 2530; x_wconf 87' lang='lat' dir='ltr'>usque</span> <span class='ocrx_word' id='word_1_130' title='bbox 651 2462 699 2513; x_wconf 91' lang='lat' dir='ltr'>est</span> <span class='ocrx_word' id='word_1_131' title='bbox 718 2455 857 2512; x_wconf 90' lang='lat' dir='ltr'>donicum</span> <span class='ocrx_word' id='word_1_132' title='bbox 882 2454 1111 2529; x_wconf 86' lang='lat' dir='ltr'>exspirasceret.</span> 
     </span>
     <span class='ocr_line' id='line_1_24' title="bbox 324 2537 1060 2614; baseline 0.005 -21"><span class='ocrx_word' id='word_1_133' title='bbox 324 2586 328 2593; x_wconf 92' lang='grc'><em>,</em></span> <span class='ocrx_word' id='word_1_134' title='bbox 361 2537 475 2597; x_wconf 83' lang='lat' dir='ltr'>Contra</span> <span class='ocrx_word' id='word_1_135' title='bbox 495 2540 554 2597; x_wconf 90' lang='lat' dir='ltr'>iste</span> <span class='ocrx_word' id='word_1_136' title='bbox 576 2540 698 2614; x_wconf 87' lang='lat' dir='ltr'>capiens</span> <span class='ocrx_word' id='word_1_137' title='bbox 719 2558 827 2597; x_wconf 89' lang='lat' dir='ltr'>munus</span> <span class='ocrx_word' id='word_1_138' title='bbox 852 2538 935 2597; x_wconf 89' lang='lat' dir='ltr'>illius</span> <span class='ocrx_word' id='word_1_139' title='bbox 959 2558 1060 2613; x_wconf 86' lang='lat' dir='ltr'>manu,</span> 
     </span>
     <span class='ocr_line' id='line_1_25' title="bbox 361 2623 1006 2701; baseline 0.002 -21"><span class='ocrx_word' id='word_1_140' title='bbox 361 2624 501 2682; x_wconf 82' lang='lat' dir='ltr'>Incubuit</span> <span class='ocrx_word' id='word_1_141' title='bbox 523 2623 579 2695; x_wconf 87' lang='lat' dir='ltr'>illi,</span> <span class='ocrx_word' id='word_1_142' title='bbox 603 2633 699 2684; x_wconf 87' lang='lat' dir='ltr'>morte</span> <span class='ocrx_word' id='word_1_143' title='bbox 720 2643 863 2701; x_wconf 89' lang='lat' dir='ltr'>pessuma</span> <span class='ocrx_word' id='word_1_144' title='bbox 885 2623 1006 2683; x_wconf 86' lang='lat' dir='ltr'>cadens.</span> 
     </span>
     <span class='ocr_line' id='line_1_26' title="bbox 360 2709 1221 2787; baseline 0.013 -22"><span class='ocrx_word' id='word_1_145' title='bbox 360 2709 480 2781; x_wconf 89' lang='lat' dir='ltr'>Mirum,</span> <span class='ocrx_word' id='word_1_146' title='bbox 500 2710 531 2766; x_wconf 89' lang='lat' dir='ltr'>ni</span> <span class='ocrx_word' id='word_1_147' title='bbox 553 2718 710 2787; x_wconf 86' lang='lat' dir='ltr'>utrumque</span> <span class='ocrx_word' id='word_1_148' title='bbox 730 2729 849 2781; x_wconf 89' lang='lat' dir='ltr'>munus,</span> <span class='ocrx_word' id='word_1_149' title='bbox 871 2728 973 2767; x_wconf 90' lang='lat' dir='ltr'>ensem</span> <span class='ocrx_word' id='word_1_150' title='bbox 997 2710 1075 2768; x_wconf 91' lang='lat' dir='ltr'>huuc</span> <span class='ocrx_word' id='word_1_151' title='bbox 1098 2714 1221 2775; x_wconf 87' lang='lat' dir='ltr'>scilicet</span> 
     </span>
     <span class='ocr_line' id='line_1_27' title="bbox 286 2793 1023 2866; baseline -0.004 -12"><span class='ocrx_word' id='word_1_152' title='bbox 286 2800 351 2854; x_wconf 82' lang='lat'>1035</span> <span class='ocrx_word' id='word_1_153' title='bbox 361 2793 463 2866; x_wconf 87' lang='lat' dir='ltr'>Furia,</span> <span class='ocrx_word' id='word_1_154' title='bbox 484 2801 514 2850; x_wconf 91' lang='lat' dir='ltr'>et</span> <span class='ocrx_word' id='word_1_155' title='bbox 534 2793 566 2850; x_wconf 91' lang='lat' dir='ltr'>id</span> <span class='ocrx_word' id='word_1_156' title='bbox 589 2795 686 2857; x_wconf 90' lang='lat' dir='ltr'>Orcus</span> <span class='ocrx_word' id='word_1_157' title='bbox 709 2796 863 2853; x_wconf 85' lang='lat' dir='ltr'>fabricarit</span> <span class='ocrx_word' id='word_1_158' title='bbox 882 2794 1023 2852; x_wconf 84' lang='lat' dir='ltr'>balteum.</span> 
     </span>
     <span class='ocr_line' id='line_1_28' title="bbox 360 2873 1094 2955; baseline 0.001 -18"><span class='ocrx_word' id='word_1_159' title='bbox 360 2880 428 2955; x_wconf 84' lang='lat' dir='ltr'>Ego</span> <span class='ocrx_word' id='word_1_160' title='bbox 450 2896 561 2937; x_wconf 89' lang='lat' dir='ltr'>censeo</span> <span class='ocrx_word' id='word_1_161' title='bbox 584 2880 654 2941; x_wconf 85' lang='lat' dir='ltr'>ista.</span> <span class='ocrx_word' id='word_1_162' title='bbox 684 2889 714 2938; x_wconf 88' lang='lat' dir='ltr'>et</span> <span class='ocrx_word' id='word_1_163' title='bbox 733 2873 808 2938; x_wconf 88' lang='lat' dir='ltr'>talia</span> <span class='ocrx_word' id='word_1_164' title='bbox 826 2880 969 2955; x_wconf 79' lang='lat' dir='ltr'>pleraque</span> <span class='ocrx_word' id='word_1_165' title='bbox 992 2881 1094 2939; x_wconf 86' lang='lat' dir='ltr'>omnia</span> 
     </span>
     <span class='ocr_line' id='line_1_29' title="bbox 360 2962 1006 3037; baseline 0.002 -16"><span class='ocrx_word' id='word_1_166' title='bbox 360 2962 447 3022; x_wconf 88' lang='lat' dir='ltr'>Deos</span> <span class='ocrx_word' id='word_1_167' title='bbox 470 2982 627 3037; x_wconf 89' lang='lat' dir='ltr'>supremos</span> <span class='ocrx_word' id='word_1_168' title='bbox 647 2966 679 3022; x_wconf 91' lang='lat' dir='ltr'>in</span> <span class='ocrx_word' id='word_1_169' title='bbox 703 2966 841 3025; x_wconf 87' lang='lat' dir='ltr'>homines</span> <span class='ocrx_word' id='word_1_170' title='bbox 864 2966 1006 3022; x_wconf 89' lang='lat' dir='ltr'>molirier.</span> 
     </span>
     <span class='ocr_line' id='line_1_30' title="bbox 361 3048 1062 3123; baseline 0.003 -16"><span class='ocrx_word' id='word_1_171' title='bbox 361 3048 494 3107; x_wconf 85' lang='lat' dir='ltr'>Diversa</span> <span class='ocrx_word' id='word_1_172' title='bbox 516 3048 570 3106; x_wconf 89' lang='lat' dir='ltr'>sed</span> <span class='ocrx_word' id='word_1_173' title='bbox 594 3050 644 3123; x_wconf 90' lang='lat' dir='ltr'>qui</span> <span class='ocrx_word' id='word_1_174' title='bbox 666 3052 768 3123; x_wconf 87' lang='lat' dir='ltr'>sentit,</span> <span class='ocrx_word' id='word_1_175' title='bbox 793 3059 846 3108; x_wconf 88' lang='lat' dir='ltr'>aut</span> <span class='ocrx_word' id='word_1_176' title='bbox 867 3050 928 3107; x_wconf 90' lang='lat' dir='ltr'>alia</span> <span class='ocrx_word' id='word_1_177' title='bbox 950 3051 1062 3122; x_wconf 88' lang='lat' dir='ltr'>omnia,</span> 
     </span>
     <span class='ocr_line' id='line_1_31' title="bbox 362 3133 943 3213; baseline -0.003 -18"><span class='ocrx_word' id='word_1_178' title='bbox 362 3133 520 3195; x_wconf 83' lang='lat' dir='ltr'>Sententia</span> <span class='ocrx_word' id='word_1_179' title='bbox 543 3152 598 3191; x_wconf 90' lang='lat' dir='ltr'>sua</span> <span class='ocrx_word' id='word_1_180' title='bbox 622 3143 680 3192; x_wconf 88' lang='lat' dir='ltr'>stet</span> <span class='ocrx_word' id='word_1_181' title='bbox 700 3136 764 3209; x_wconf 90' lang='lat' dir='ltr'>ille,</span> <span class='ocrx_word' id='word_1_182' title='bbox 788 3155 845 3213; x_wconf 86' lang='lat' dir='ltr'>ego</span> <span class='ocrx_word' id='word_1_183' title='bbox 866 3156 943 3193; x_wconf 88' lang='lat' dir='ltr'>mea.</span> 
     </span>
     <span class='ocr_line' id='line_1_32' title="bbox 286 3219 1294 3296; baseline -0.002 -14"><span class='ocrx_word' id='word_1_184' title='bbox 286 3230 353 3284; x_wconf 82' lang='grc'><strong>1010</strong></span> <span class='ocrx_word' id='word_1_185' title='bbox 363 3219 418 3280; x_wconf 86' lang='lat' dir='ltr'>Ch.</span> <span class='ocrx_word' id='word_1_186' title='bbox 462 3219 639 3278; x_wconf 88' lang='lat' dir='ltr'>Orationem</span> <span class='ocrx_word' id='word_1_187' title='bbox 660 3222 833 3294; x_wconf 88' lang='lat' dir='ltr'>comprime,</span> <span class='ocrx_word' id='word_1_188' title='bbox 864 3229 953 3296; x_wconf 89' lang='lat' dir='ltr'>atque</span> <span class='ocrx_word' id='word_1_189' title='bbox 975 3227 1007 3278; x_wconf 94' lang='lat' dir='ltr'>ut</span> <span class='ocrx_word' id='word_1_190' title='bbox 1028 3221 1108 3277; x_wconf 90' lang='lat' dir='ltr'>hunc</span> <span class='ocrx_word' id='word_1_191' title='bbox 1128 3223 1229 3283; x_wconf 85' lang='lat' dir='ltr'>virum</span> <span class='ocrx_word' id='word_1_192' title='bbox 1291 3230 1294 3236; x_wconf 89' lang='lat'>&#39;</span> 
     </span>
     <span class='ocr_line' id='line_1_33' title="bbox 301 3304 1091 3381; baseline 0 -18"><span class='ocrx_word' id='word_1_193' title='bbox 301 3372 302 3377; x_wconf 7' lang='grc' dir='ltr'>ἵ</span> <span class='ocrx_word' id='word_1_194' title='bbox 360 3306 487 3365; x_wconf 79' lang='lat' dir='ltr'>Mendes</span> <span class='ocrx_word' id='word_1_195' title='bbox 511 3304 683 3380; x_wconf 90' lang='lat' dir='ltr'>sepulchro,</span> <span class='ocrx_word' id='word_1_196' title='bbox 709 3306 819 3379; x_wconf 90' lang='lat' dir='ltr'>quidve</span> <span class='ocrx_word' id='word_1_197' title='bbox 840 3306 934 3377; x_wconf 89' lang='lat' dir='ltr'>dicas,</span> <span class='ocrx_word' id='word_1_198' title='bbox 956 3304 1091 3381; x_wconf 85' lang='lat' dir='ltr'>provide.</span> 
     </span>
     <span class='ocr_line' id='line_1_34' title="bbox 361 3390 1104 3467; baseline -0.001 -19"><span class='ocrx_word' id='word_1_199' title='bbox 361 3392 457 3450; x_wconf 85' lang='lat' dir='ltr'>Adest</span> <span class='ocrx_word' id='word_1_200' title='bbox 476 3408 582 3467; x_wconf 86' lang='lat' dir='ltr'>parum</span> <span class='ocrx_word' id='word_1_201' title='bbox 603 3391 649 3448; x_wconf 87' lang='lat' dir='ltr'>vir</span> <span class='ocrx_word' id='word_1_202' title='bbox 667 3409 797 3464; x_wconf 84' lang='lat' dir='ltr'>aequus3</span> <span class='ocrx_word' id='word_1_203' title='bbox 823 3398 853 3447; x_wconf 93' lang='lat' dir='ltr'>et</span> <span class='ocrx_word' id='word_1_204' title='bbox 873 3392 952 3449; x_wconf 87' lang='lat' dir='ltr'>forte</span> <span class='ocrx_word' id='word_1_205' title='bbox 971 3390 1104 3463; x_wconf 87' lang='lat' dir='ltr'>advenit,</span> 
     </span>
     <span class='ocr_line' id='line_1_35' title="bbox 360 3474 1089 3554; baseline -0.001 -21"><span class='ocrx_word' id='word_1_206' title='bbox 360 3474 476 3552; x_wconf 88' lang='lat' dir='ltr'>Utpote</span> <span class='ocrx_word' id='word_1_207' title='bbox 494 3476 655 3554; x_wconf 85' lang='lat' dir='ltr'>malignus,</span> <span class='ocrx_word' id='word_1_208' title='bbox 682 3483 789 3533; x_wconf 91' lang='lat' dir='ltr'>nostra</span> <span class='ocrx_word' id='word_1_209' title='bbox 807 3483 840 3532; x_wconf 92' lang='lat' dir='ltr'>ut</span> <span class='ocrx_word' id='word_1_210' title='bbox 857 3476 983 3535; x_wconf 87' lang='lat' dir='ltr'>insultet</span> <span class='ocrx_word' id='word_1_211' title='bbox 1001 3476 1089 3533; x_wconf 90' lang='lat' dir='ltr'>mala.</span> 
     </span>
     <span class='ocr_line' id='line_1_36' title="bbox 363 3558 1160 3636; baseline 0.004 -21"><span class='ocrx_word' id='word_1_212' title='bbox 363 3558 438 3617; x_wconf 90' lang='lat' dir='ltr'>Teu.</span> <span class='ocrx_word' id='word_1_213' title='bbox 463 3561 539 3636; x_wconf 78' lang='lat' dir='ltr'>Quis</span> <span class='ocrx_word' id='word_1_214' title='bbox 562 3570 618 3634; x_wconf 88' lang='lat' dir='ltr'>est,</span> <span class='ocrx_word' id='word_1_215' title='bbox 639 3561 763 3635; x_wconf 90' lang='lat' dir='ltr'>abipso</span> <span class='ocrx_word' id='word_1_216' title='bbox 784 3579 872 3635; x_wconf 91' lang='lat' dir='ltr'>quem</span> <span class='ocrx_word' id='word_1_217' title='bbox 896 3561 982 3619; x_wconf 86' lang='lat' dir='ltr'>vides</span> <span class='ocrx_word' id='word_1_218' title='bbox 1004 3560 1160 3619; x_wconf 77' lang='lat' dir='ltr'>exercitu?</span> 
     </span>
    </p>
   </div>
   <div class='ocr_carea' id='block_1_3' title="bbox 288 3641 1225 3809">
    <p class='ocr_par' dir='ltr' id='par_1_3' title="bbox 288 3641 1225 3809">
     <span class='ocr_line' id='line_1_37' title="bbox 288 3641 1112 3719; baseline -0.006 -12"><span class='ocrx_word' id='word_1_219' title='bbox 288 3641 418 3709; x_wconf 72' lang='lat' dir='ltr'><strong>10450h.</strong></span> <span class='ocrx_word' id='word_1_220' title='bbox 462 3646 635 3706; x_wconf 85' lang='lat' dir='ltr'>Menelaus:</span> <span class='ocrx_word' id='word_1_221' title='bbox 655 3647 694 3719; x_wconf 90' lang='lat' dir='ltr'>is,</span> <span class='ocrx_word' id='word_1_222' title='bbox 716 3644 764 3703; x_wconf 88' lang='lat' dir='ltr'>cui</span> <span class='ocrx_word' id='word_1_223' title='bbox 787 3645 895 3705; x_wconf 90' lang='lat' dir='ltr'>classis</span> <span class='ocrx_word' id='word_1_224' title='bbox 917 3647 978 3705; x_wconf 88' lang='lat' dir='ltr'>ista</span> <span class='ocrx_word' id='word_1_225' title='bbox 995 3645 1112 3703; x_wconf 90' lang='lat' dir='ltr'>militat.</span> 
     </span>
     <span class='ocr_line' id='line_1_38' title="bbox 363 3728 1225 3809; baseline 0.002 -20"><span class='ocrx_word' id='word_1_226' title='bbox 363 3728 438 3789; x_wconf 88' lang='lat' dir='ltr'>Teu.</span> <span class='ocrx_word' id='word_1_227' title='bbox 462 3729 580 3791; x_wconf 64' lang='lat' dir='ltr'>Videor</span> <span class='ocrx_word' id='word_1_228' title='bbox 603 3732 789 3808; x_wconf 89' lang='lat' dir='ltr'>propinquus</span> <span class='ocrx_word' id='word_1_229' title='bbox 810 3731 946 3805; x_wconf 83' lang='lat' dir='ltr'>comsit,</span> <span class='ocrx_word' id='word_1_230' title='bbox 969 3731 1096 3809; x_wconf 85' lang='lat' dir='ltr'>agnosci</span> <span class='ocrx_word' id='word_1_231' title='bbox 1114 3738 1225 3805; x_wconf 85' lang='lat' dir='ltr'>potest.</span> 
     </span>
    </p>
   </div>
   <div class='ocr_carea' id='block_1_4' title="bbox 0 0 1451 4650">
    <p class='ocr_par' dir='ltr' id='par_1_4' title="bbox 0 0 1451 4650">
     <span class='ocr_line' id='line_1_39' title="bbox 0 0 1451 4650; baseline 0 0"><span class='ocrx_word' id='word_1_232' title='bbox 0 0 1451 4650; x_wconf 95' lang='lat' dir='ltr'> </span> 
     </span>
    </p>
   </div>
  </div>
 </body>
</html>
