2884 4650
569 537 721 629 ,Affl-

187 702 329 779 Nemque
350 713 402 763 tuo
426 706 576 783 extinguis
597 726 706 783 eorpus
728 706 917 780 animumque
939 726 1059 783 sopore,

187 788 317 863 Quando
339 792 508 868 perrumpis
528 798 653 851 naturae
675 791 777 852 vivida
798 791 940 865 claustra,

188 872 291 933 Caeca
311 875 467 933 hominurn
490 876 615 954 signans
636 885 759 937 aeterno
781 876 897 934 lumine
918 896 1037 937 somno.

189 955 334 1020 Omnibu’
358 960 538 1035 communis,
555 962 624 1021 aliis
645 964 756 1033 iniuria
775 962 897 1039 partim,

187 1046 351 1105 Florentes
374 1046 531 1123 stinguens
552 1055 665 1107 aetates
685 1049 791 1106 funere
816 1048 934 1104 acerbo.

188 1131 394 1191 Omnia-nam
416 1146 554 1190 concrete
576 1133 660 1191 inte
683 1134 752 1192 sola
769 1129 981 1191 absolduntur:

187 1215 271 1275 Nam
292 1234 389 1291 neque
410 1217 580 1293 suppliciis,
607 1238 706 1295 neque
727 1219 804 1277 vetis
826 1224 951 1293 pectora
971 1215 1098 1293 frangis.

188 1301 293 1379 Quare
314 1321 331 1358 o
353 1308 457 1359 sancta
478 1303 558 1375 veni,
584 1302 675 1381 lengo
695 1312 769 1380 post
789 1311 926 1379 tempore
947 1302 1037 1373 vitae,

189 1386 280 1463 Quod
297 1393 327 1443 te
349 1386 508 1463 suppliciis
532 1396 562 1445 et
585 1390 666 1447 votis
690 1390 887 1461 obtestamur,

187 1472 232 1532 Ut
250 1471 369 1529 felicem
391 1473 523 1529 habeant
544 1473 680 1533 homines
701 1474 872 1549 claramque
896 1479 1059 1533 senectam.

341 1566 466 1617 Vertcbat
490 1568 543 1618 Ios.
563 1567 632 1622 Scal.
651 1570 718 1618 intra
735 1572 850 1634 quinque
867 1571 966 1619 diemm
983 1568 1101 1633 epatium.

205 1752 331 1801 Eiusdem
355 1752 407 1803 Ios.
425 1752 493 1806 Scal.
512 1756 692 1805 annotationes
710 1756 738 1804 in
756 1756 873 1820 Hymnoa
893 1757 1084 1820 praecedentes.

243 1820 294 1869 llic
318 1819 382 1869 liter
401 1838 452 1871 nen
469 1824 577 1890 proprie
600 1832 659 1872 runt
677 1820 768 1890 ὕμνοι,
792 1824 837 1872 red
859 1821 968 1875 τελεταί.
992 1838 1053 1872 nom
1073 1823 1103 1871 in

189 1889 298 1955 llpmnir
307 1889 418 1950 natalie,
427 1899 511 1957 perta,
530 1899 556 1940 et
566 1892 687 1941 eiusmodi
696 1900 854 1941 manantur:
878 1892 920 1941 liic
928 1907 989 1941 eere
1002 1898 1102 1940 tantum

188 1958 365 2009 invocationes
386 1958 512 2020 Deorum,
538 1959 626 2025 quibua
649 1960 789 2010 utebantur
816 1961 845 2008 in
862 1960 991 2025 mysteriis
1008 1960 1038 2018 ii,
1058 1958 1103 2024 qui

189 2026 275 2078 rectis
295 2028 436 2093 cuiuspiam
451 2027 497 2078 Dei
508 2028 688 2079 initiarentur:
717 2030 783 2078 Sunt
801 2028 879 2078 etiam
898 2029 934 2078 od
951 2026 1103 2095 depellenda

189 2096 263 2147 mala
283 2096 386 2146 adiecti.
421 2096 492 2157 Quae
509 2098 595 2147 omnia
607 2099 766 2162 tamenfiunt
778 2096 967 2163 repromittitur
978 2096 1103 2161 mysticis.

191 2165 244 2215 Sed
263 2164 358 2214 Graeci
379 2165 408 2213 in
427 2165 475 2215 tec
490 2182 599 2233 premar
620 2174 688 2218 sunt.
727 2166 820 2216 latine
846 2166 945 2233 quidem
962 2166 1041 2218 Initia
1057 2164 1100 2213 in-

190 2232 272 2284 scriti
291 2240 384 2299 potest,
402 2242 431 2283 ut
449 2234 603 2302 respondeat
628 2236 728 2285 Gracco
746 2235 822 2285 eerte
837 2232 951 2285 τελεταῖς
977 2234 1023 2283 red
1038 2232 1101 2300 quio

192 2310 273 2354 totum
290 2302 477 2368 repromittitur
498 2303 609 2355 Deorum
630 2312 740 2368 constet,
758 2304 848 2355 melier
863 2302 1015 2355 inrcrititur
1031 2302 1101 2353 Indi-

190 2375 343 2437 gitamenta.
384 2371 485 2423 Veteres
504 2375 568 2424 enim
579 2374 677 2435 latini,
697 2391 759 2442 quor
775 2374 871 2425 Graeci
887 2369 1008 2423 eecentt
1031 2388 1103 2428 νους,

189 2441 242 2508 ipri
260 2441 392 2490 nominant
413 2443 579 2504 Aaronem,
600 2460 666 2509 qnae
683 2443 784 2493 scilicet
798 2443 939 2509 seperatim
951 2442 979 2491 in
990 2391 1104 2506 ottpuem

190 2509 273 2559 Deum
294 2517 429 2571 canuntur,
447 2512 474 2560 in
491 2511 580 2578 quitur
598 2519 672 2578 perta
690 2521 714 2561 et
730 2513 838 2562 virtuter
852 2512 905 2561 eiur
919 2509 967 2560 Dei
985 2507 1104 2560 celetra-

190 2586 262 2640 runt,
286 2586 315 2628 ut
343 2577 407 2628 aliti
429 2580 511 2642 surius
532 2581 652 2632 dirimur.
692 2580 731 2629 At
753 2581 951 2644 Indigitementa
966 2585 1103 2637 aucarum,

190 2649 219 2698 iu
245 2647 335 2714 quitur
355 2646 466 2698 Deorum
490 2651 643 2716 'cepnemina
667 2650 745 2699 eurio
762 2656 852 2699 errent.
890 2647 988 2697 Eemrm
1009 2646 1105 2698 Graeci

191 2717 241 2766 duo
269 2733 366 2782 ponera
389 2718 520 2780 fecerunt:
542 2735 601 2768 nem
620 2717 733 2786 κλητοὺς
755 2715 852 2784 ὕμνους
878 2723 1005 2766 recanat
1023 2716 1101 2766 auri·

193 2784 289 2836 diarum
308 2792 333 2834 et
350 2786 492 2848 serentium
505 2786 624 2848 Deorum,
646 2786 836 2856 ἀποτροπαίους
854 2793 938 2836 autem
951 2786 1104 2843 nocentium,

191 2869 259 2922 quae
277 2861 355 2904 eocnt
377 2853 500 2921 Virgilius
517 2856 593 2906 laeva
610 2857 725 2905 numina.
763 2855 862 2905 lienem
881 2855 991 2921 primum
1011 2871 1043 2903 ee
1057 2870 1105 2904 ee-

192 2931 246 2972 tere
268 2921 462 2989 linpueLatine
473 2923 633 2975 Calatorium
651 2939 771 2986 carmen3
789 2922 909 2984 atterum,
926 2922 1105 2974 Avenuucale

191 3007 287 3042 necere
305 3008 446 3060 possumus.
488 2992 583 3054 (luere,
609 3000 638 3043 ut
656 2993 721 3053 diri,
744 2993 806 3059 quia
824 2993 911 3043 omnia
930 2991 1024 3042 Latine
1041 2989 1105 3040 red-

191 3060 252 3110 dere
270 3061 395 3122 colamur,
417 3061 517 3111 tametri
538 3061 627 3112 titulus
648 3060 765 3112 Graecae
778 3061 942 3129 inreriptieni
953 3057 1106 3127 terminon

191 3128 337 3196 respondet,
357 3139 442 3180 tamen
460 3130 660 3193 Indigitameutu
680 3131 867 3198 inscripsimus.
905 3130 1008 3180 Dictum
1020 3135 1106 3178 autern

192 3199 329 3262 indigitare
348 3216 397 3259 pre
418 3199 558 3259 indicitare
579 3197 627 3249 too
644 3207 681 3248 ert
700 3217 803 3250 necare.
840 3199 909 3250 Nam
927 3199 1033 3247 citatum
1049 3195 1106 3261 ple·

192 3268 253 3317 bem
271 3266 400 3327 dicebant,
418 3267 528 3334 quaein
547 3267 670 3320 iudicium
688 3277 784 3320 oecata
801 3275 873 3318 erret.
897 3267 940 3316 Sic
951 3265 1021 3332 apud
1035 3264 1106 3315 Var-

192 3351 281 3386 ronem
297 3335 336 3385 De
356 3337 444 3402 linque
464 3336 561 3386 Latina
579 3339 649 3401 quod
666 3353 745 3403 pecus
764 3339 897 3387 incitatum
909 3336 1041 3398 antiquum
1060 3347 1106 3396 ep-

193 3406 283 3471 pidum
297 3405 448 3468 exigebaut3
470 3404 599 3472 tepentium
610 3407 706 3474 petius,
725 3407 910 3455 indecitatum:
928 3402 996 3469 qued
1008 3409 1045 3451 ert
1055 3417 1108 3452 nen

197 3472 335 3532 Varronis,
360 3473 406 3522 red
428 3474 561 3524 cuiusdam
586 3477 680 3525 eeterir
705 3483 798 3541 poetae
824 3468 1029 3542 ἀκροτελεΰτιον.
1070 3470 1108 3520 Et

193 3544 271 3594 citare
289 3549 377 3590 notum
392 3543 454 3608 quid
471 3545 506 3593 rit
524 3545 553 3593 in
569 3543 713 3607 formiter
731 3550 756 3592 et
772 3539 938 3591 iudicialiter
955 3539 1062 3600 caurrir,
1082 3545 1108 3587 et

195 3612 302 3661 citatum
326 3611 526 3661 instrumentum
552 3619 734 3680 nuncupatum.
779 3609 851 3676 Ergo
869 3609 1017 3670 indicitur,
1041 3607 1110 3675 qued

194 3687 253 3730 erat
273 3681 388 3740 incitare,
400 3687 432 3734 ,et
450 3681 586 3743 indigitare
607 3680 687 3741 tdcm;
711 3686 741 3729 ut
765 3679 901 3728 subicitare
920 3684 945 3725 et
962 3677 1108 3741 mbagitare

194 3749 222 3798 in
243 3748 339 3798 Carina
360 3747 464 3799 Plauti:
482 3756 511 3799 ut
529 3751 623 3799 inicere
640 3749 668 3797 in
683 3746 802 3798 Varrone
817 3763 867 3815 pre
885 3747 991 3810 inigere.
1024 3745 1109 3796 Tanto
