2884 4650
611 533 670 594 ιιι
782 501 786 518 ’

78 726 79 729 “
179 695 472 799 Χρηματαχρήμαά
480 697 746 783 ἀνὴρπενιχρδςδ
758 696 815 761 ἔστί
826 697 963 772 οὐδέποτ’
973 697 1093 768 ἐσθλός.

179 781 309 846 Ψεοδεοι
332 780 413 863 ’ρινδς
433 781 565 864 ύπερδεν
588 785 698 868 ἀραιῆς
720 783 777 845 οὐκ
799 781 958 866 ἀναφοσῶ.

171 862 255 948 Ὥρη
282 864 368 947 έρᾷν,
388 867 454 948 ώρη
475 867 512 928 δὲ
535 873 657 952 γαμεῖν,
682 870 748 952 ώρη
773 866 808 928 δὲ
828 868 1016 931 πεπαῦσθαι.

172 946 255 1032 Ὥρη
280 947 336 1031 μέν
359 972 406 1011 τοι
424 951 672 1036 ἀπαμβλύνεται,
692 952 794 1034 δορὸς
819 952 855 1014 δὲ
877 957 1010 1036 μενοινᾷ.

172 1031 232 1101 ’Ὧς
252 1033 300 1095 ἀν’
326 1033 512 1118 ἐχινόποδας
533 1038 585 1099 καὶ
608 1036 666 1114 ἀνὰ
688 1041 833 1120 τρηχεῖαν
855 1035 972 1099 ὄνωνιν.
1042 1063 1045 1068 ’

171 1117 233 1185 Ὣς
254 1116 344 1180 λύκοι
366 1117 444 1201 ἄρνα
466 1121 589 1202 φιλεύσ’
615 1123 658 1188 ὣς
675 1123 774 1184 παῖδα
797 1124 933 1205 φιλεύσιν
957 1119 1092 1204 ἐρασταί.

171 1201 232 1270 Ὣς
252 1203 356 1284 τὸμὲν
374 1202 533 1286 ὠφέλιμον
543 1208 649 1281 καλὸν,
671 1207 709 1268 τδ
720 1205 752 1268 δ’
765 1205 939 1290 ἐπιβλαβές,
957 1203 1095 1289 αἰσχρόν.

172 1286 296 1370 Ὥσπερ
319 1287 530 1369 ἐλαιολόγοος,
553 1295 600 1375 τῷ
618 1291 726 1372 μισδδν
749 1287 850 1374 ἔχοντι
870 1289 1009 1353 ἕπεσθαι.

174 1368 297 1454 Ὥσπερ
319 1368 491 1456 Χαλκιδικὴ
514 1373 635 1436 τέτοκεν
653 1375 728 1456 γυνὴ
753 1373 878 1442 εὔτονος
897 1376 980 1457 ἡμῖν.

173 1455 299 1534 Ἀ[ι]δε
315 1455 358 1517 τὰ
377 1453 543 1540 Τελλῆνος.
564 1456 721 1522 Κονιεῖται
743 1461 816 1544 βοῦς
839 1456 892 1542 ἐφ)
915 1459 1027 1542 ἑαυτῷ.

177 1540 325 1619 Ἀ[ι]δειν
352 1541 562 1622 δώροδοκιστί.
585 1540 658 1606 Τόδ’
684 1542 799 1606 εἴσεται
818 1543 948 1625 οὐδεμία
967 1541 1010 1610 ὗς.

183 1627 224 1688 Αἱ
244 1625 370 1708 χάριτες
393 1627 514 1707 γυμναί.
538 1625 620 1695 Νοῦς
643 1628 700 1690 οὐκ
725 1626 769 1689 ἔνι
792 1624 1001 1710 Κενταύροισι.

183 1710 328 1792 Αἰγιαλῷ
348 1709 480 1772 λαλέειν.
504 1710 648 1795 Ποταμδς
671 1713 712 1796 μὴ
736 1711 817 1794 ἔριζε
837 1713 991 1795 θαλάσσῃ.

184 1795 254 1858 Αἰεὶ
279 1793 306 1857 δ’
328 1794 349 1875 ἡ
371 1795 468 1880 Λιβύη
491 1818 519 1858 τι
535 1796 640 1859 κακόν.
668 1798 829 1863 Δεκάπουτ
850 1798 919 1859 σκιαί
940 1795 1012 1858 ἐστι.

182 1879 293 1946 Αἰετδς
313 1876 344 1938 ἐν
364 1878 540 1962 νεφέλῃσιν.
577 1878 668 1948 Ἔτος
691 1879 791 1965 φέρει,
814 1879 885 1963 οὐχὶ
907 1879 1035 1963 ἄρουρα.

182 1962 321 2027 Αἰθίοπα
344 1964 483 2047 σμήχεις.
508 1961 554 2028 Ού
573 1965 796 2049 δωροδοκεῖται
818 1963 955 2045 ἀλώπηξ.

183 2048 354 2111 Αίκοίλλειν
377 2046 487 2132 κέρκφ.
509 2046 615 2111 Μανία
635 2049 662 2110 δ’
689 2048 725 2110 ού
747 2053 837 2111 πᾶσιν
858 2049 960 2130 ὁμοία.

182 2132 259 2214 Αἷμ’
283 2131 470 2194 Αἰσώπειον.
494 2129 594 2196 Πίνιον
619 2133 689 2215 μέλι
711 2135 845 2215 γλαῦκος
867 2131 987 2214 ἀνέστη.

182 2214 349 2285 Αἰξωνεύς.
365 2213 417 2278 Ἐν
442 2217 509 2300 ἅλῳ
531 2219 719 2301 δρασκάζεις.
736 2217 833 2301 Ἀέρα
852 2217 960 2282 παίεις.

182 2299 322 2369 Αίπόλος
345 2301 376 2363 ἐν
395 2301 541 2364 καύσωνι.
563 2299 669 2387 Κρίσις
683 2299 925 2385 Ῥαδαμάνθυος
947 2300 1035 2384 αὕτη.

183 2386 253 2470 Αίρ’
277 2387 340 2449 ἀπὸ
362 2392 415 2469 τῆς
435 2386 676 2471 καταδυομένης.
691 2384 730 2449 Ὃ
755 2387 875 2453 νεοττὸς
895 2386 1020 2469 Ἄρηος.
1060 2422 1068 2445 .

182 2470 346 2542 Ἀκκίζειν.
363 2471 461 2534 ’Άλλο
485 2471 580 2553 γλαὺξ
602 2471 778 2555 φθέγγεται,
799 2470 875 2533 ἄλλο
898 2472 1030 2553 κορώνη.

181 2555 283 2619 Ἀλλὰ
301 2556 378 2639 γύης
397 2556 483 2639 αὐτῷ
505 2556 562 2618 οὐκ
582 2555 656 2619 ἔστι.
678 2554 792 2639 Παρών
815 2556 995 2637 ἀποδημεῖς.

178 2640 282 2704 Ἀλλα
305 2640 385 2723 παρ’
403 2640 509 2708 ἄλλοις
525 2642 615 2703 καλοί.
639 2638 767 2723 Κιχοίνει
789 2662 835 2701 τοι
859 2638 972 2721 βραδὺς
992 2638 1084 2703 ὠκύν.
1145 2639 1146 2643 ’

180 2724 280 2788 Ἀλλά
300 2724 330 2786 τί
350 2726 474 2808 μηνύεις
494 2725 578 2787 κυσὶν
605 2724 728 2799 δστέονς
752 2720 828 2786 Οὐδ’
854 2724 915 2785 ἅλα
938 2724 1032 2806 δοίης.

178 2808 297 2872 Ἀλλαν
321 2810 395 2892 δρῦν
420 2810 573 2893 βαλάνιζε.
594 2807 701 2871 Κακού
722 2808 855 2891 κόρακος
877 2809 970 2871 κακὸν
995 2807 1067 2871 ώύν.

179 2894 279 2957 ’Άλλο
303 2893 392 2975 γένος
411 2897 526 2975 κώπης.
548 2892 682 2976 Ἀγαδοί
703 2893 730 2956 δ’
756 2894 938 2976 ἀριδοίκρυες
958 2892 1075 2976 ἄνδρες.

181 2977 470 3060 Ἀλλοπρύσαλλος.
494 2978 715 3061 Ἀτιμαγελεῖν.
733 2976 826 3045 Πόλις
838 2976 935 3061 ἄνδρα
951 2978 1095 3039 διδάσκει.

179 3064 306 3131 Ἀλλιος
331 3064 381 3125 σοὶ
404 3064 487 3146 ὕδωρ
512 3063 716 3125 ἀναλίσκεται.
741 3058 786 3124 Οὐ
812 3063 896 3145 μάλα
917 3066 1020 3144 κυκᾷς.

181 3146 365 3232 Ἀμφιδέτῳ
386 3146 478 3215 ἔπιες.
500 3144 559 3209 Τδν
585 3148 727 3229 σκορπίον
751 3146 814 3209 εἷλε
836 3148 968 3229 κορώνη.
1091 3194 1103 3225 ,

194 3234 324 3316 Ανδρών
348 3234 461 3316 ἡρώων
484 3254 575 3294 τεκνα
595 3232 732 3315 π’ματα.
752 3227 882 3314 Κύματα
905 3229 1031 3311 μετρεῒς.

184 3315 291 3401 Ἀνέρι
313 3316 434 3399 αύλητξγ
454 3316 526 3384 νόος
548 3315 605 3378 οὐκ
617 3256 678 3378 ίνι.
696 3313 782 3377 Σῦκα
803 3314 945 3398 μερίζειν.

184 3401 351 3484 Ἀντιόπης
371 3401 495 3484 θρῆνος.
515 3398 698 3482 Χειρώσατο
724 3398 864 3482 Γοργόνα
886 3393 1032 3479 Περσεύς.

183 3484 323 3549 Ἀντλεῖν
346 3484 545 3569 ἀμφοτέραις.
570 3482 698 3568 Μημοι
720 3484 826 3631 φριεών.
846 3481 940 3547 κακὸς
962 3478 1058 3563 ἰχθύς.

183 3568 324 3652 Ἀργεῖοι
346 3574 459 3653 φώρες.
481 3566 643 3636 Βαλανεύς
662 3568 701 3631 εί.
754 3565 863 3647 οσκίνφ
886 3564 1012 3633 ἀντλεῖς.

185 3652 386 3737 Ἀργέλοφοι.
410 3652 590 3739 Παράκοψις
611 3652 695 3716 ὄνου.
720 3648 781 3713 Τδν
804 3646 936 3711 κόλλοπ’
951 3650 1078 3745 ἀνεῖναι.

184 3737 370 3822 Ἀρκαδικὸν
391 3739 562 3823 βλάστημα.
583 3735 657 3821 Πρὶν
679 3736 698 3818 ἢ
724 3734 853 3816 ὀπτῆσαι
875 3731 1003 3819 ἄλευρα.
