2884 4650
585 523 736 618 Q

194 689 256 755 Ὧν
279 689 356 773 κέαρ
376 691 470 773 πηλῷ
489 687 645 764 σέσακται,
667 690 719 751 καὶ
742 689 929 773 δυοεκνίπτιρ
948 690 1041 774 τρυγί.

193 773 238 839 Ὦ
254 774 345 843 πόλις
357 772 455 850 πόλις,
478 773 617 858 εὐτυχεῖς
630 796 666 854 γε
681 775 809 856 μᾶλλον,
829 773 849 855 ἢ
863 775 966 842 καλῶς
982 777 1114 860 φρονεῖς.

194 857 338 943 Ὧ[ι]περ
362 858 421 922 οὐκ
445 855 599 942 ἐχρήσατ’
619 856 655 919 ἄν
675 880 719 925 τις
741 855 813 919 οὐδ’
837 856 868 925 ἐς
888 857 1048 942 όξυθόμια.

199 943 256 1013 Ὣς
277 941 343 1007 ἄνω
363 944 418 1025 τὴν
441 943 603 1026 μασχάλην
626 939 763 1026 αίριυμεν
789 941 1014 1024 ἐμπεπωκότες.

199 1027 256 1097 Ὡς
280 1028 342 1110 ἐγὼ
362 1028 488 1090 πολλῶν
511 1025 650 1095 ἀκοόσας
672 1026 744 1089 οἶδα
765 1027 816 1088 τὸν
840 1025 941 1110 ψόφον
968 1027 1074 1110 θρίων.

196 1109 318 1196 Ὥσπερ
342 1113 374 1175 αἱ
395 1115 533 1193 ποῖμναι,
552 1110 648 1179 ξένοις
668 1110 765 1194 θύραν
790 1108 857 1195 ἔχει
874 1111 1083 1195 τετριμμένην.

196 1193 293 1260 Ὥστε
315 1197 370 1260 καί
390 1219 426 1258 σε
444 1195 498 1263 τὰς
514 1196 658 1280 χελώνας
677 1200 836 1280 μακαριεῖν
857 1200 911 1259 τοῦ
934 1196 1095 1302 δέρματος.

202 1280 331 1366 Ἀγρίου
353 1280 523 1388 βέβρωκας.
540 1278 663 1362 Ἀγαθὰ
682 1281 782 1342 πάντα
803 1277 956 1346 Κιλλικῶν
980 1304 1052 1365 εφη.

199 1366 354 1451 Ἀγρδςή
377 1367 475 1432 πολις.
498 1362 593 1433 Πόλις
616 1366 651 1428 δὲ
673 1361 793 1432 Κέσκυς
816 1365 872 1428 οὐκ
894 1363 1012 1449 ἔχουσα
1033 1369 1114 1430 νοῦν.

203 1449 306 1514 Ἀλλὰ
329 1450 370 1534 μὴ
390 1451 475 1533 ὥρας
496 1449 602 1512 ίκοιτο.
623 1447 676 1533 Μή
700 1448 812 1531 λόγους
836 1450 902 1512 ἀντ’
926 1451 1073 1534 ἀλφίτων.

199 1534 300 1600 ’Άλλο
324 1535 379 1617 μὲν
400 1535 550 1597 ποίκιλλε.
573 1531 645 1601 Τοῖς
666 1537 800 1616 νεκροῖσι
823 1536 1039 1642 συγχρωτίζεο.
1071 1598 1074 1616 ,-

202 1617 418 1704 Ἀ[ν]δριάντα
436 1619 638 1702 γαργαλίζεις.
659 1616 828 1701 Πηνικίζειν
853 1641 905 1701 μοι
927 1622 1035 1689 δοκεῖς.

202 1706 289 1769 ’Ant
313 1704 418 1786 Δήλου
436 1704 489 1786 τἠν
509 1699 700 1787 Καλαυρίαν.
720 1698 879 1786 Ὀρίγανον
904 1703 1019 1788 βλέπει.

202 1787 294 1858 Ἀξία
314 1793 370 1852 τοῦ
379 1789 554 1935 1βρώματος
574 1787 667 1850 κόων.
689 1785 793 1870 Θόρας
815 1787 992 1871 ἁμαρτάνει

200 1872 358 1957 Ἅρπαγαλ
410 1873 579 1942 οτυττίοισι.
603 1869 666 1954 Τῆς
688 1868 884 1954 Παλαιτόρου
908 1876 998 1936 κακοί.

200 1956 341 2025 Ἀττικδς
360 1957 518 2040 πάροικος.
535 1954 680 2039 Ἀστροις
696 1957 750 2038 τὴν
776 1956 847 2018 όδδν
869 1957 1082 2041 τεκμαίρομεν.

201 2043 307 2106 Αὑτὸν
327 2041 363 2103 οὐ
386 2040 507 2125 τρέφων
522 2041 616 2109 κόνας
629 2039 760 2125 τρέφεις.
783 2039 888 2108 Γέλας
908 2042 1114 2125 συγκροόσιος.

198 2128 293 2212 Ἀχρι
314 2126 449 2211 χείλους.
462 2122 632 2208 Κυζικηνόν
655 2124 772 2210 βάμμα.
795 2123 933 2208 Μνήμων
952 2126 1115 2211 συμπότης.

202 2210 412 2295 Βατταρίζειν.
434 2207 562 2273 Μᾶλλον
585 2211 604 2293 ᾖ
628 2211 662 2272 τὸ
685 2214 782 2293 γῆρας
802 2209 900 2287 ἐκδὺς,
922 2211 1048 2295 ἥδομαι.

202 2294 444 2381 Βιβλιαίγισθος.
463 2295 565 2358 Λάλον
585 2297 619 2359 ,τὶ
638 2295 690 2359 καὶ
707 2293 892 2380 πυριρραγὲς
916 2300 1036 2381 φυφεῖς.

203 2380 332 2445 Γλαῦκα
351 2381 573 2464 Λαυριωτικήν.
595 2379 739 2447 Γενναῖος
762 2380 796 2442 ἐκ
817 2381 1011 2465 βαλλαντίου.

203 2465 345 2532 Γλαῦκος
366 2464 461 2532 ἄλλος
485 2464 688 2550 ἱππόβρωτος.
711 2460 766 2533 Εἷς
787 2465 870 2540 θεὸς,
889 2466 1000 2528 πολλοὶ
1022 2469 1116 2553 φιλοι.

202 2550 228 2614 Γ
230 2550 471 2632 λωσσογοίστωρ.
495 2546 541 2613 Οὔ
561 2574 589 2612 τι
609 2550 724 2635 ῥαδίως
747 2549 896 2631 ἀληθεύει
915 2548 1012 2622 Κιλιί.

107 2642 109 2647 ’
204 2633 308 2719 Γραῦς
329 2633 466 2719 χορεόει.
486 2634 590 2720 Λυδίη)
611 2611 706 2719 νόμῳ.
728 2632 842 2698 Κακῶν
862 2636 1037 2721 πανήγυρις.

204 2718 327 2802 Γυμνδς
348 2722 391 2786 ὡς
412 2718 446 2781 ἐκ
467 2720 580 2802 μητρὸς
602 2719 639 2782 εἶ.
655 2719 771 2782 ’Ἄκουε
791 2720 869 2782 τάπὸ
893 2722 1029 2804 καρδίας.

204 2803 362 2867 Δαιδάλου
388 2804 535 2888 μάχαιρα.
557 2802 724 2867 Νουθετῶν
748 2801 799 2886 ἐρ’
823 2804 914 2872 αὐτὸς
935 2806 1066 2871 αἰπόλει.

203 2886 340 2972 Δακρόει
362 2885 533 2971 Μεγαρεὺς.
557 2888 737 2957 Λακωνικὰς
762 2890 892 2973 σελήνας
911 2913 963 2973 μοι
982 2891 1089 2975 λέγεις.

203 2968 258 3042 Εἰς
275 2971 444 3079 Ἀφοίννας.
465 2971 573 3057 Ἀγρία
593 2972 728 3056 μέλιττα.
754 2973 860 3057 Θησαυ
883 2977 917 3043 δς
937 2982 1051 3040 κακῶν.

201 3054 345 3141 Ἐμπολή
374 3056 534 3120 Φοίνισσα.
557 3054 712 3205 Βέμβικος
735 3058 830 3143 δίκην.
873 3064 892 3143 ή
918 3057 1044 3143 Κυρνία.

202 3138 308 3209 Ἐντὸς
331 3140 475 3224 ἑβδόμης.
499 3139 576 3205 Νυνὶ
596 3166 614 3225 γ
634 3166 714 3206 νοιτο
738 3142 878 3226 σωθῆναι
900 3144 1003 3226 μόνον.

201 3222 339 3311 Ἐββέτω
359 3226 449 3309 φιλας
472 3225 524 3289 σὺν
547 3227 662 3313 ἐχθρῷ.
684 3226 788 3313 Μέχρι
810 3233 863 3310 τῆς
884 3230 1060 3311 κορωνίδος.

199 3306 237 3372 'E
281 3332 354 3378 ατος
376 3308 503 3373 Μυσῶν.
533 3310 752 3381 Καταξανοιῖσί
772 3311 805 3375 α’
823 3314 866 3380 εἰς
887 3313 1049 3395 φοινικίδα.

203 3390 249 3457 EC»
274 3419 292 3457 υ
316 3393 477 3479 Πελλήνης
498 3396 646 3460 πέτεσθαι
669 3398 794 3461 διανοεῖ.
818 3395 958 3464 Μυιυέία.

204 3473 332 3542 Εόνυῶν
353 3480 498 3565 σφάκτης.
523 3477 563 3544 Τί
582 3483 697 3566 φάτταν
721 3483 786 3544 ἀντὶ
808 3485 861 3561 τῆς
883 3484 1076 3566 περιστερᾶς;

203 3558 303 3647 Εὗρεν
328 3563 348 3626 ἁ
370 3565 467 3633 λοπὰς
482 3567 515 3629 τδ
538 3571 642 3647 πῶμα.
665 3565 747 3651 Πρὸς
770 3566 847 3631 ἅλας
867 3565 1083 3650 ἠγορασμένοι.

202 3643 302 3732 Ἡλίῳ
321 3648 355 3711 τδ
380 3653 447 3731 φῶς
466 3652 622 3723 δανείζεις.
645 3651 808 3735 Ἀμφορῆς
827 3648 1017 3732 νενασμέναι.

201 3728 320 3816 Ἡμένη
343 3732 544 3803 πελειάς.οό
568 3737 727 3799 δάκνουσιν
755 3733 784 3795 οἱ
806 3732 994 3818 τεθνηκότες.
