2884 4650
587 485 738 580 „Q

205 655 273 715 Nec
296 655 382 727 dixit,
403 655 494 727 Aiax,
519 673 612 713 sensa
631 653 686 712 sed
709 653 820 711 mentis
843 661 905 710 tua.

206 741 251 799 Te
273 740 392 815 respice
412 759 498 817 ergot
522 738 678 797 dalocum
701 737 882 809 sententiae,

206 825 281 886 Tuis
305 825 423 898 amicis,
446 833 536 899 atque
559 823 655 882 missa
676 824 752 880 haec
773 823 816 883 sis
839 822 915 879 face.

205 911 278 969 Teo.
318 908 446 968 Nullum
466 917 524 981 est,
547 910 619 966 herc
640 909 734 981 Aiax,
757 908 898 972 omnibus
921 907 1098 967 mortalibus
1119 907 1170 963 485

204 994 410 1054 Necessitatis
433 995 552 1071 legibus
575 993 672 1051 mains
695 993 818 1051 malum.

204 1082 270 1158 Ego
292 1075 412 1156 quidem
435 1099 502 1138 sum
526 1087 608 1136 oreta
629 1078 725 1137 libero
741 1087 840 1154 patre,

204 1166 312 1240 quue
335 1165 407 1237 dite,
432 1165 458 1224 si
481 1165 549 1240 quis
573 1164 650 1222 alius
672 1171 719 1247 est
738 1164 904 1241 Phrygum.

205 1250 297 1309 Nunc
316 1249 471 1308 servitutis
491 1249 668 1324 compotivit
686 1268 736 1305 me
756 1247 854 1322 Deus,

205 1336 245 1395 Et
266 1344 320 1392 tua
340 1328 480 1394 domitrix
502 1335 616 1391 dextra.
639 1342 799 1410 postquam
820 1334 893 1410 erg'o
916 1332 948 1389 in
968 1340 1052 1390 tuum
1120 1341 1173 1394 490

207 1420 315 1480 Cubile
337 1419 477 1490 conveni,
502 1438 542 1477 ex
564 1438 600 1476 eu
625 1419 732 1477 studeo
753 1412 839 1477 tibi.'

207 1499 294 1578 Quod
314 1507 440 1563 obsecro
462 1511 492 1562 te
511 1522 624 1580 perque
647 1523 834 1561 communem
856 1503 962 1575 larem,

207 1589 391 1664 Sociumque
413 1589 535 1661 lectum,
556 1589 588 1646 in
610 1607 698 1663 quem
721 1599 845 1665 optume
866 1588 1074 1659 convenimuS,

205 1674 267 1746 Ne,
295 1675 365 1732 dum
387 1693 435 1731 me
456 1672 568 1748 iniquis
591 1675 686 1732 tradis
711 1674 743 1731 in
765 1693 887 1733 manum
908 1675 979 1743 tuis,

208 1759 381 1831 Committe,
405 1767 437 1816 ut
460 1759 499 1816 iis
522 1759 666 1816 infamiae
688 1759 720 1816 in
742 1777 854 1818 caussa
874 1759 966 1817 fuam.
1119 1750 1170 1802 495

208 1844 241 1906 Si
264 1845 401 1916 moreris,
423 1863 458 1901 ac
479 1863 537 1902 nos
560 1853 658 1902 morte
680 1844 820 1902 destituis
843 1851 905 1913 tua,

207 1931 296 1988 Ilicet
318 1930 423 1986 eodem
445 1936 563 2007 raptam
585 1930 622 1986 ab
645 1929 768 2005 Argivis
788 1929 847 2001 die,

207 2016 420 2089 Tractamqne,
443 2031 550 2087 meque
567 2013 786 2090 parvulumque
805 2012 918 2083 diriter,

206 2100 401 2160 Famularum
422 2099 461 2155 ad
480 2118 573 2156 unum
598 2099 707 2175 degere
729 2106 858 2156 aetatem
883 2102 1014 2153 autumo.
1041 2133 1045 2137 ‚

207 2185 355 2246 Oratione
376 2193 440 2242 tum
463 2185 531 2260 quis
554 2185 683 2242 incilans
705 2183 804 2241 malus

205 2271 360 2330 Dominus
384 2288 497 2342 amara,
518 2269 645 2347 aspicite
668 2269 835 2346 coniugem,
859 2265 984 2340 inquiet,

207 2356 322 2429 Aiacis,
341 2356 487 2431 Argivum
511 2357 644 2413 omnium
666 2353 843 2425 fortissumi,

209 2443 296 2519 ¹Quae
318 2440 463 2499 servitute
483 2441 572 2514 quale
596 2441 722 2499 mutavit
741 2437 857 2497 decus?

208 2522 295 2585 Haec
318 2525 397 2583 dicet
417 2526 539 2601 aliquis.
562 2545 610 2583 me
631 2526 751 2600 quidem
772 2526 907 2581 incesset
927 2518 1021 2577 Deus.

207 2613 374 2670 Inhonesta
392 2630 465 2668 veru
488 2612 563 2668 haec
585 2619 616 2668 et
635 2611 690 2669 tibi
714 2618 744 2666 et
766 2608 825 2667 tuis
849 2614 944 2663 erunt.

209 2696 272 2757 Sed
292 2704 466 2755 revereatur
487 2705 517 2753 tc
539 2696 646 2772 patris,
667 2714 756 2770 quem
778 2695 810 2750 in
832 2690 914 2749 exitu

208 2786 320 2843 Aetate
344 2782 472 2855 linquis:
493 2781 547 2840 sed
571 2782 611 2840 sit
629 2790 658 2837 et
680 2780 800 2854 quidem
822 2776 920 2853 pudor

209 2866 353 2925 Parentis
375 2866 463 2924 annis
486 2866 613 2937 obsitae,
637 2884 715 2941 quae
738 2863 861 2940 saepius

208 2952 322 3011 Redire
344 2959 373 3009 te
397 2960 481 3026 optat
500 2952 601 3009 vivum
622 2960 652 3008 et
672 2950 855 3009 incolumem
876 2946 1007 3003 domum.

208 3038 355 3097 Miserere
379 3037 461 3113 gnati
483 3036 619 3113 parvoli:
644 3035 792 3111 siquidem
815 3033 880 3092 cibo

210 3122 326 3181 Caseus
347 3121 470 3180 novello
490 3130 521 3179 te
541 3122 607 3180 sine
630 3129 761 3183 aetatem
784 3120 886 3196 exiget

208 3208 252 3267 Ut
274 3208 377 3279 orbus,
397 3214 428 3263 at
448 3226 511 3265 non
532 3225 629 3267 carus.
652 3208 690 3263 oh
712 3206 832 3280 quantis
855 3200 956 3268 malis,

210 3292 246 3353 si
265 3291 523 3365 moceria-illum,
545 3311 652 3367 meque
675 3299 848 3367 computem
871 3285 963 3343 facist

210 3378 257 3436 Te
278 3385 398 3453 praeter
421 3378 503 3435 aliud
520 3378 667 3455 praesidii
684 3376 728 3434 nil
750 3375 898 3448 reliquum

209 3462 319 3521 Video.
338 3471 390 3519 tua
411 3482 481 3520 nam
503 3464 603 3540 patria
625 3462 726 3520 deleta
748 3467 796 3519 est
816 3474 918 3524 manu,

211 3547 426 3623 Genitriane:
448 3549 564 3625 genitor
587 3548 697 3607 occidit
717 3547 780 3604 fato
800 3562 864 3613 suo,

209 3634 251 3692 Et
270 3631 433 3691 mortuales
453 3634 588 3691 incolunt
610 3632 682 3692 Orci
702 3619 818 3689 domus

211 3716 310 3793 Quam
329 3736 444 3794 quaeso
467 3718 584 3777 dulcem
607 3733 779 3793 comparem
800 3708 927 3855 patqigm
948 3706 1024 3767 tibi?
