2884 4650
644 535 704 596 uu

211 697 288 768 Τοῖς
307 696 458 768 Ἀττικοῖς
479 702 674 770 κονισσάλοις
693 705 851 784 νεωκορεῖ.

211 781 289 852 Τοῖς
309 782 474 869 εὐτυχοῦσι
495 785 547 847 καὶ
567 786 699 870 τρίμηνα
720 785 837 849 παιδία.

213 866 276 933 Τδν
300 867 392 932 αὐτὸν
414 870 508 932 αἰνεῖν
530 870 580 931 καὶ
602 869 716 978 ψέγειν,
740 869 852 954 ἀνδρὸς
872 875 979 934 κακοῦ.

213 951 277 1018 Τδν
302 951 335 1016 δ’
358 952 520 1038 ἐγγράφειν
541 954 586 1021 εἰς
609 976 682 1023 τους
701 953 863 1036 Ἱαλέμους
882 952 954 1018 ἔδει.

214 1034 277 1103 Τὸν
300 1039 317 1100 δ
339 1041 421 1100 ῶντα
438 1043 504 1102 ποῦ
528 1040 556 1102 τὶ
574 1039 626 1101 καί
644 1040 754 1102 παθεῖν
778 1039 943 1122 ὀφειλεται.

214 1120 277 1188 Τδν
299 1060 434 1206 ἕθδομον
456 1124 579 1208 βοῦν,ἡ
603 1123 684 1208 σοφὴ
710 1123 870 1208 παροιμία,

215 1204 277 1272 Τδν
300 1207 431 1289 πλησίον
452 1230 500 1271 τοι
520 1206 676 1271 νουθετεῖν
699 1208 759 1293 βρα
782 1207 817 1277 ὐς
837 1208 939 1277 πόνος.

215 1288 277 1356 Τὸν
297 1289 381 1353 πόδα
400 1293 529 1368 διώκεις,
553 1291 620 1376 ἄρτι
641 1293 694 1375 τὴν
719 1232 835 1377 ῦπῖραν
857 1293 955 1379 ἀφείς.

216 1372 282 1439 Τοῦ
302 1373 458 1458 Πρωτέως
478 1375 601 1459 πέφυκε
621 1379 786 1440 ποικιλώτε
808 1399 849 1445 ος.

215 1457 281 1524 Τοῦ
304 1458 480 1545 φιλοσόφου
501 1457 646 1545 Ζήνωνος
666 1399 912 1545 ἐγκρατίδτερος.

215 1541 297 1613 Τούς
319 1543 390 1607 εὐτυ
415 1547 524 1613 οῦντας
548 1547 599 1608 καὶ
622 1549 745 1630 φρονεῖν
766 1546 940 1630 νομίζομεν.

217 1624 313 1692 Τοῦτί
331 1627 365 1690 δ’
387 1567 446 1705 ἐπ’
470 1627 534 1692 ἐστ’
558 1629 626 1692 οὐδ’
651 1629 686 1693 ἂν
710 1632 726 1694 ό
750 1629 903 1695 Απόλλων
924 1631 1021 1715 μάθη.

216 1709 308 1798 Τρεῖς
331 1713 405 1776 εἰσὶν
421 1713 528 1778 ίιιανοὶ
549 1716 688 1861 τηοωκτδν
713 1715 842 1797 ἐκμάξαι
865 1715 957 1792 λίθοι,

260 1796 297 1861 ἂν
319 1798 378 1860 ὦσι
398 1802 536 1883 τραχεῖς·
580 1821 594 1860 ν
616 1800 652 1862 δέ
673 1801 761 1877 λεῖοι,
785 1799 941 1883 τέσσαρες.

217 1879 274 1968 Τηῖ
293 1881 322 1944 δ’
346 1879 386 1945 αῦ
408 1887 550 1946 πονοῦντι
571 1885 622 1945 καὶ
644 1883 718 1953 θεὸς
740 1884 956 2028 ξυλλαμγδάνει.

217 1963 272 2052 Τῷ
292 1967 496 2052 πρωτοπείρῳ
517 1969 677 2037 παντελῶς
698 1990 854 2052 συγγνωστ
873 1989 916 2029 ον.

217 2047 288 2114 Τῦιν
310 2050 521 2136 εὐτυχούντων
544 2053 653 2120 πάντες
671 2053 730 2115 εἰσὶ
752 2053 915 2135 συγγενεῖς.

214 2132 411 2220 Ύδρωπυιυῦ
432 2135 595 2220 Εηρότερόν
621 2136 699 2200 ἐστιν
725 2135 844 2200 οὐδεέν.

211 2217 333 2302 Ὕγίεια
353 2220 405 2283 καὶ
427 2224 500 2288 νοῦς
519 2219 617 2284 ἐσθλὰ
634 2227 679 2308 τῷ
704 2221 761 2306 βίῳ
784 2220 851 2284 δύο.

209 2299 319 2390 Ὕδωρ
342 2305 377 2368 δέ
394 2305 490 2369 πίνων
511 2306 644 2391 χρηστὸν
668 2305 758 2368 οὐδὲν
783 2304 818 2369 ἂν
837 2302 944 2371 τέκοις.

214 2387 311 2474 Ὑπὲρ
330 2394 449 2453 καπνοῦ
470 2391 621 2473 πηδάλιον
645 2390 884 2475 ἐκκρεμάμενον,

210 2469 329 2544 Ὕπνος
348 2475 383 2537 δὲ
404 2478 510 2537 πεῖναν
531 2474 585 2557 τὴν
610 2474 802 2559 κακέσχατον
824 2474 919 2557 δαμᾷ.

214 2556 293 2623 Ὑπὸ
315 2563 370 2642 τῆς
386 2560 636 2641 άνάγκηςπάντα
655 2560 822 2622 δουλοῦται
838 2556 928 2642 ταχύ.

218 2643 352 2727 Φεῦγειν
377 2644 498 2711 ἁπάσας
520 2642 573 2711 τὰς
594 2646 695 2727 πάγας
717 2643 753 2706 οὐ
776 2641 891 2727 ῥηίδιον.

218 2727 332 2811 Φθίης
353 2729 523 2814 προφήτης,
546 2729 702 2811 καλάμινα
721 2728 815 2811 σκέλη
837 2730 955 2811 φορῶν.

219 2812 315 2876 Φιλεῖ
333 2814 368 2875 δὲ
384 2818 429 2898 τιῦ
450 2814 595 2895 κάμνοντι
618 2812 800 2876 συσπεύδειν
821 2810 905 2880 θεός.
1019 2858 1022 2865 -

219 2896 408 2961 Φιλιππίδου
431 2896 614 2981 λεπτότερον
636 2897 791 2967 ἀποδείξει
812 2898 903 2982 τάχα.

219 2980 321 3045 Φίλου
342 2981 476 3067 τρόπους
496 2982 636 3065 γίνωσκε,
660 2982 793 3067 μισήσης
815 2982 850 3044 δὲ
867 2982 923 3089 μή.

218 3062 365 3131 Χαλεπὸν
387 3067 522 3150 ζητοῦσά
539 3089 587 3129 τοι
608 3070 820 3150 σκυτοτραγεῖν
842 3089 938 3129 κυων.

218 3148 329 3237 Χάραν
355 3153 460 3237 λαβὼν
483 3148 632 3234 μέμνησο,
652 3152 704 3215 καὶ
720 3150 794 3221 δούς
810 3150 970 3213 ἐπιλάθου.
994 3145 1094 3231 [χάριν
1103 3144 1131 3224 θ]

219 3233 297 3320 Χεῖρ
319 3239 412 3321 χεῖρα
432 3235 538 3312 νίπτει,
561 3236 708 3305 δάκτυλος
728 3236 779 3299 τδν
791 3236 958 3298 δάκτυλον.

220 3316 346 3405 Χειροῖν
369 3321 424 3404 μὲν
447 3320 491 3402 άμ
518 3324 577 3397 οἶν,
598 3322 634 3384 οὐ
655 3327 728 3405 μιᾷ,
744 3320 948 3405 δωρούμενος.
977 3310 1132 3403 [χεροῖνῖ]

220 3401 300 3473 Χῖος
319 3404 478 3490 παραστὰς
494 3343 588 3469 Τίῦνυν
609 3406 666 3469 οὐκ
690 3405 728 3489 ἐᾷ
749 3404 858 3487 λέγειν.

220 3484 322 3574 Χρεία
343 3491 491 3567 διδάσκει,
510 3486 565 3574 κᾷν
588 3488 728 3575 ἄμουσος
746 3486 780 3573 ᾗ,
796 3482 909 3569 σοφόν.

220 3568 290 3659 Χρὴ
315 3575 344 3638 δ’
367 3575 454 3642 ἐκτὸς
474 3573 547 3638 ὄντα
567 3576 717 3659 πημάτων
740 3572 778 3635 τὰ
799 3567 877 3631 δεῖν’
901 3568 985 3653 δρῦν.

221 3652 350 3744 Χρυσοῦ
374 3661 541 3727 λαλοῦντος
559 3663 619 3729 πᾶς
642 3654 833 3743 άπρακτείτω
859 3651 960 3735 λόγος.

221 3740 330 3831 Χωλιῦ
345 3748 502 3828 παροικῶν
525 3741 580 3828 κᾷν
604 3745 659 3820 ἐνὶ,
683 3740 802 3810 σκάζειν
825 3736 945 3822 μάθοις.
