2884 4650
682 491 684 499 ’
728 532 882 629 ,ιυ-

347 697 388 763 Ἡ
410 697 504 781 ζημία
526 697 662 781 πέφυκεν
684 696 719 761 ἐκ
742 698 930 781 περιουσίας.

348 780 486 868 Ἐχθροῦ
510 786 664 867 φρονήσαι
685 784 815 865 μᾶλλον,
836 782 855 865 ἣ
882 784 988 846 λαλεῖν
1008 783 1089 869 πέρι.

346 864 471 935 Ἀθῶός
494 866 567 944 ἐστι,
585 865 705 951 χρηστὰ
723 866 900 1013 βουλεύειν,
919 867 1018 952 τριβή.

977 951 985 973 Ι

350 950 518 1017 Βουλευτέ’
543 952 605 1013 ἐστὶ
628 952 682 1031 δὴν
705 973 721 1011 τ
764 950 844 1021 άπαξ
866 974 1019 1035 κυρωτεα.

343 1032 449 1104 Ὅστις
467 1034 600 1099 πέποιθε
622 1040 662 1118 πή
682 1035 795 1117 πλάνη,
818 1041 1023 1121 παραφρονεῖ.

349 1118 595 1226 Καταφρόνησον
618 1122 733 1201 κτήσιν,
756 1121 799 1181 ὧν
824 1121 906 1183 ὀλεῖν
930 1119 1017 1203 δάνη.
1127 1169 1129 1172 -

350 1205 438 1269 Πόλλ
472 1205 593 1286 ὑστερεῖ
611 1202 729 1284 πένητι,
750 1208 808 1267 πᾶν
830 1205 1021 1290 φιλαργόριρ.

351 1291 458 1354 Δεινδν
482 1290 516 1352 τδ
539 1289 619 1371 θῆλυ
643 1288 905 1371 δακρυοπλαστεῖν
926 1288 1029 1370 γόους.

350 1374 475 1460 Χρόνου
493 1374 528 1454 γ’
554 1373 688 1435 ῦποπτσν
710 1374 823 1457 δῶρον.
845 1374 976 1457 ἁρπάζει
997 1374 1087 1460 ταχό.

352 1459 522 1542 Δυσηκοεῖν
547 1459 596 1520 δεῖ
613 1459 690 1539 πρὸς
711 1458 835 1542 τυχόντ’
856 1458 1042 1541 ἐγκλήματα.

342 1541 385 1607 Ὃ
411 1543 547 1627 φροῦδον
569 1540 733 1624 ἠγνόηκας,
752 1542 809 1605 οὐκ
832 1542 979 1606 ἀπόλωλέ
1003 1566 1061 1609 σοι.

351 1625 512 1710 Μαθήτρι’
532 1626 611 1688 ἐστὶν
633 1627 653 1707 ή
672 1625 797 1689 ’πιοῦσα
816 1631 870 1710 τῆς
888 1632 1015 1711 προτοῦ.

347 1708 501 1796 Ὁμόνοια
522 1710 634 1793 μείζων
657 1710 692 1772 ἐκ
714 1714 910 1793 καταλλαγῆς
929 1710 1001 1797 ἔφυ.

350 1794 430 1879 Νίκη
455 1796 564 1880 ταχείᾳ
586 1796 635 1857 δεῖ
653 1801 853 1879 παρασκευῆς
873 1801 1002 1880 μακρᾶς.

352 1878 491 1943 Φθίνοιτ’
518 1878 553 1943 ἀν
576 1878 669 1961 ἄλγος
692 1880 734 1962 μὴ
759 1880 898 1950 αὐξάνειν
921 1879 994 1966 ἔχον
1016 1880 1135 1964 πρόσω.
1166 1887 1173 1895 ’

350 1962 458 2047 Βουλή
482 1967 656 2048 στρατηγῶν
674 1964 758 2037 γἐστὶν
782 1964 906 2049 ἀνδρεία
927 1971 1071 2050 στρατοῦ.

350 2047 563 2133 Εὐημεροῦσιν
585 2048 699 2131 αἵρεσις
720 2049 856 2112 θανάτου
879 2051 970 2133 καλή.

352 2135 482 2217 Φεόγειν
506 2134 539 2196 τδ
562 2132 672 2216 κέρδος
695 2133 759 2195 ἐστὶ
783 2135 942 2219 βασιλείας
960 2139 1091 2219 κρατεῖν.

348 2218 514 2301 Ἀνενδεής
535 2217 573 2294 εί,
598 2216 670 2279 όσον
695 2218 975 2303 ἐλαττόνωνέρηῖς.

344 2300 403 2373 Ὥς
426 2303 504 2366 ἐστιν
529 2302 689 2386 ἐγγήραμα
713 2303 871 2388 δυστυχὲς,
895 2302 1009 2388 φόβοςί
1132 2333 1136 2340 ·

341 2386 403 2454 Ὃν
424 2390 513 2474 χάρις
535 2387 669 2471 ἐλήφθη,
690 2386 776 2450 τόνδ>
800 2389 959 2473 ὀφείλεται
978 2387 1101 2471 τρόπον.

347 2470 461 2557 Ὀργὴν
481 2473 623 2556 ἀφαιρεῖν
649 2474 683 2536 τό
708 2471 810 2556 βέλος,
839 2474 875 2536 οίι
897 2475 1015 2549 δοῦναι,
1038 2472 1158 2557 πρέπει.

233 2579 240 2588 “
351 2557 479 2642 Πέφυκε
501 2557 634 2641 ταχῦτης
654 2560 705 2620 καὶ
730 2558 860 2642 βραδεῖα
881 2563 926 2642 τῷ
947 2558 1047 2642 πόθῳ.

354 2641 494 2705 Θανάτου
511 2641 578 2703 ’σθὶ
602 2643 723 2728 ἑταῖρος
746 2643 859 2725 ἀκλεής
880 2643 946 2729 βίος
966 2645 1077 2746 βροτφῖ.

351 2724 477 2809 Μέρους
497 2726 639 2789 κακίστου
661 2728 777 2810 τέκμαρ
801 2727 896 2812 ὄχλος
918 2727 984 2789 ἐστ’
1004 2727 1062 2789 ἀει.

352 2808 428 2877 Βίος
447 2810 546 2894 ἀθλίῳ
571 2813 726 2892 μήκιστος,
748 2812 844 2896 όλβίῳ
866 2811 991 2896 βραχύς.

350 2892 480 2979 Ἀρετῆς
501 2895 644 2977 ἀφορμὴν
667 2898 718 2958 καὶ
733 2898 767 2959 τὸ
790 2895 963 2980 δυστόχημ”
984 2894 1060 2980 ἔχει.

353 2976 425 3046 Τοῖς
448 2977 567 3044 ἀθλίοις
587 2984 659 3046 νοῦς
681 2981 805 3064 ὑστερεῖ
819 3004 855 3042 τε
874 2981 925 3043 καὶ
947 2979 1027 3064 πέρι.

349 3061 389 3127 Ἡ
412 3061 591 3146 καρτέρησίς
613 3063 675 3126 ἐστι
699 3066 862 3149 δυστυχίας
882 3067 984 3149 λιμήν.

352 3145 414 3213 Καὶ
436 3151 499 3215 τοῖς
516 3145 665 3210 ποθοῦσιν
689 3149 808 3231 ὠκύτης
830 3150 894 3212 ἐστὶ
919 3149 1017 3235 τριβή.

347 3231 436 3318 Ἔχει
461 3232 515 3316 μὲν
541 3231 617 3294 ἰδίαν
638 3233 689 3295 καὶ
713 3233 798 3295 σκιάν
820 3236 839 3316 ή
864 3233 931 3316 θρὶξ
957 3235 1021 3317 μία.

353 3319 477 3387 Δίκαιος
498 3315 632 3401 ἐχθροῖς,
653 3318 758 3385 πιστδς
778 3317 808 3379 ἐν
832 3320 969 3404 βουλαῖς,
992 3316 1090 3379 πέλει.

352 3400 422 3486 Κάκ
444 3406 503 3464 τῶν
525 3400 639 3464 ἀθ-ιόιυν
662 3403 777 3485 ψεῦδος
795 3403 939 3489 ἐκβάλλει
958 3401 1061 3470 πόνος.

352 3484 414 3548 Καὶ
435 3487 692 3570 πλημμελοῦντοίς
713 3487 791 3548 ἐστιν
816 3488 953 3570 εὐορκεῖν
977 3485 1075 3569 θέμις·
1115 3527 1122 3536 ⁴

348 3566 448 3632 Ἔστιν
473 3571 543 3634 ὅτε
567 3571 647 3654 λήθη
668 3572 734 3655 χῶν
757 3595 814 3656 περ
836 3572 933 3647 οἶδας,
956 3573 1084 3656 ὠφελεῖ.

345 3649 452 3738 Ὕβριν
473 3678 508 3738 γε
532 3661 616 3739 μισεῖ
634 3655 738 3740 χόστις
760 3657 890 3741 ὑβρίζειν
915 3659 1009 3741 φιλεῖ.

354 3734 392 3801 Εἰ
413 3740 464 3801 καὶ
487 3739 620 3825 μέμυκεν
643 3741 743 3818 ἕλκος,
766 3743 786 3825 ή
806 3740 837 3825 γ’
865 3740 943 3823 οὐλὴ
967 3742 1063 3824 μενεῖ.
1128 3759 1134 3774 “

300 4131 548 4522 Δ
741 4132 1365 4522 ἶ...]
