<?xml version="1.0" encoding="UTF-8"?>
<!DOCTYPE html PUBLIC "-//W3C//DTD XHTML 1.0 Transitional//EN"
    "http://www.w3.org/TR/xhtml1/DTD/xhtml1-transitional.dtd">
<html xmlns="http://www.w3.org/1999/xhtml" xml:lang="en" lang="en">
 <head>
  <title>
</title>
<meta http-equiv="Content-Type" content="text/html;charset=utf-8" />
  <meta name='ocr-system' content='tesseract 3.04.00' />
  <meta name='ocr-capabilities' content='ocr_page ocr_carea ocr_par ocr_line ocrx_word'/>
</head>
<body>
  <div class='ocr_page' id='page_1' title='image "./poemataomnia00scalgoog_0031.png"; bbox 0 0 2884 4650; ppageno 0'>
   <div class='ocr_carea' id='block_1_1' title="bbox 234 698 1253 3833">
    <p class='ocr_par' dir='ltr' id='par_1_1' title="bbox 299 698 967 777">
     <span class='ocr_line' id='line_1_1' title="bbox 299 698 967 777; baseline -0.003 -19"><span class='ocrx_word' id='word_1_1' title='bbox 299 700 411 758; x_wconf 91' lang='lat' dir='ltr'><strong>Bidens</strong></span> <span class='ocrx_word' id='word_1_2' title='bbox 433 698 539 770; x_wconf 87' lang='lat' dir='ltr'><strong>amica,</strong></span> <span class='ocrx_word' id='word_1_3' title='bbox 563 708 650 757; x_wconf 86' lang='lat' dir='ltr'><strong>noete</strong></span> <span class='ocrx_word' id='word_1_4' title='bbox 675 702 812 777; x_wconf 80' lang='lat' dir='ltr'><strong>pantices</strong></span> <span class='ocrx_word' id='word_1_5' title='bbox 833 701 967 759; x_wconf 86' lang='lat' dir='ltr'><strong>solvens.</strong></span> 
     </span>
    </p>

    <p class='ocr_par' dir='ltr' id='par_1_2' title="bbox 299 784 1051 863">
     <span class='ocr_line' id='line_1_2' title="bbox 299 784 1051 863; baseline -0.001 -19"><span class='ocrx_word' id='word_1_6' title='bbox 299 787 340 844; x_wconf 85' lang='lat' dir='ltr'><strong>At</strong></span> <span class='ocrx_word' id='word_1_7' title='bbox 359 801 425 841; x_wconf 89' lang='lat' dir='ltr'><strong>cum</strong></span> <span class='ocrx_word' id='word_1_8' title='bbox 449 784 622 859; x_wconf 79' lang='lat' dir='ltr'>coquendae</span> <span class='ocrx_word' id='word_1_9' title='bbox 647 792 766 863; x_wconf 89' lang='lat' dir='ltr'><strong>tempus</strong></span> <span class='ocrx_word' id='word_1_10' title='bbox 790 785 906 862; x_wconf 87' lang='lat' dir='ltr'><strong>appetit</strong></span> <span class='ocrx_word' id='word_1_11' title='bbox 927 803 1051 859; x_wconf 86' lang='lat' dir='ltr'><strong>coenae,</strong></span> 
     </span>
    </p>

    <p class='ocr_par' dir='ltr' id='par_1_3' title="bbox 299 868 1253 1202">
     <span class='ocr_line' id='line_1_3' title="bbox 299 868 1253 946; baseline 0.001 -19"><span class='ocrx_word' id='word_1_12' title='bbox 299 869 341 928; x_wconf 88' lang='lat' dir='ltr'><strong>Ut</strong></span> <span class='ocrx_word' id='word_1_13' title='bbox 365 876 536 926; x_wconf 80' lang='lat' dir='ltr'><strong>exstruatur</strong></span> <span class='ocrx_word' id='word_1_14' title='bbox 558 868 658 946; x_wconf 85' lang='lat' dir='ltr'><strong>lignea</strong></span> <span class='ocrx_word' id='word_1_15' title='bbox 678 871 766 929; x_wconf 82' lang='lat' dir='ltr'><strong>focus</strong></span> <span class='ocrx_word' id='word_1_16' title='bbox 792 871 895 942; x_wconf 83' lang='lat' dir='ltr'><strong>caede,</strong></span> <span class='ocrx_word' id='word_1_17' title='bbox 1248 938 1253 942; x_wconf 90' lang='lat'><strong>.</strong></span> 
     </span>
     <span class='ocr_line' id='line_1_4' title="bbox 300 953 1095 1032; baseline 0.005 -22"><span class='ocrx_word' id='word_1_18' title='bbox 300 953 392 1030; x_wconf 83' lang='lat' dir='ltr'><strong>(Quis</strong></span> <span class='ocrx_word' id='word_1_19' title='bbox 410 971 484 1030; x_wconf 83' lang='lat' dir='ltr'><strong>ergo</strong></span> <span class='ocrx_word' id='word_1_20' title='bbox 508 953 629 1011; x_wconf 87' lang='lat' dir='ltr'><strong>damnet</strong></span> <span class='ocrx_word' id='word_1_21' title='bbox 647 962 687 1028; x_wconf 90' lang='lat' dir='ltr'><strong>te,</strong></span> <span class='ocrx_word' id='word_1_22' title='bbox 711 955 884 1032; x_wconf 79' lang='lat' dir='ltr'><strong>Lycurgei)</strong></span> <span class='ocrx_word' id='word_1_23' title='bbox 908 955 1095 1014; x_wconf 89' lang='lat' dir='ltr'><strong>Moncaudus</strong></span> 
     </span>
     <span class='ocr_line' id='line_1_5' title="bbox 299 1037 1150 1119; baseline 0.002 -22"><span class='ocrx_word' id='word_1_24' title='bbox 299 1037 481 1097; x_wconf 84' lang='lat' dir='ltr'><strong>Excedicari</strong></span> <span class='ocrx_word' id='word_1_25' title='bbox 502 1037 621 1095; x_wconf 88' lang='lat' dir='ltr'><strong>vineam</strong></span> <span class='ocrx_word' id='word_1_26' title='bbox 642 1040 735 1112; x_wconf 88' lang='lat' dir='ltr'><strong>iubet,</strong></span> <span class='ocrx_word' id='word_1_27' title='bbox 759 1041 835 1098; x_wconf 85' lang='lat' dir='ltr'><strong>vites</strong></span> <span class='ocrx_word' id='word_1_28' title='bbox 1071 1115 1074 1119; x_wconf 10' lang='grc' dir='ltr'><strong>Ἰ</strong></span> <span class='ocrx_word' id='word_1_29' title='bbox 1148 1068 1150 1071; x_wconf 95' lang='grc'><strong><em>·</em></strong></span> 
     </span>
     <span class='ocr_line' id='line_1_6' title="bbox 302 1122 969 1202; baseline 0.001 -20"><span class='ocrx_word' id='word_1_30' title='bbox 302 1122 416 1182; x_wconf 78' lang='lat' dir='ltr'><strong>Caesae</strong></span> <span class='ocrx_word' id='word_1_31' title='bbox 439 1124 542 1181; x_wconf 84' lang='lat' dir='ltr'>voraci</span> <span class='ocrx_word' id='word_1_32' title='bbox 562 1123 613 1180; x_wconf 87' lang='lat' dir='ltr'><strong>dat</strong></span> <span class='ocrx_word' id='word_1_33' title='bbox 633 1124 793 1202; x_wconf 81' lang='lat' dir='ltr'><strong>benignius</strong></span> <span class='ocrx_word' id='word_1_34' title='bbox 814 1126 969 1183; x_wconf 89' lang='lat' dir='ltr'><strong>flammae:</strong></span> 
     </span>
    </p>

    <p class='ocr_par' dir='ltr' id='par_1_4' title="bbox 299 1208 893 1284">
     <span class='ocr_line' id='line_1_7' title="bbox 299 1208 893 1284; baseline -0.002 -17"><span class='ocrx_word' id='word_1_35' title='bbox 299 1209 338 1267; x_wconf 83' lang='lat' dir='ltr'><strong>Et</strong></span> <span class='ocrx_word' id='word_1_36' title='bbox 361 1208 412 1284; x_wconf 93' lang='lat' dir='ltr'><strong>qui</strong></span> <span class='ocrx_word' id='word_1_37' title='bbox 434 1225 630 1266; x_wconf 87' lang='lat' dir='ltr'><strong>succrevere</strong></span> <span class='ocrx_word' id='word_1_38' title='bbox 652 1209 763 1268; x_wconf 87' lang='lat' dir='ltr'><strong>Libero</strong></span> <span class='ocrx_word' id='word_1_39' title='bbox 786 1210 893 1282; x_wconf 91' lang='lat' dir='ltr'><strong>trunci,</strong></span> 
     </span>
    </p>

    <p class='ocr_par' dir='ltr' id='par_1_5' title="bbox 301 1292 862 1368">
     <span class='ocr_line' id='line_1_8' title="bbox 301 1292 862 1368; baseline 0 -17"><span class='ocrx_word' id='word_1_40' title='bbox 301 1292 401 1352; x_wconf 80' lang='lat' dir='ltr'><strong>Ceteri</strong></span> <span class='ocrx_word' id='word_1_41' title='bbox 421 1292 505 1349; x_wconf 88' lang='lat' dir='ltr'><strong>iubet</strong></span> <span class='ocrx_word' id='word_1_42' title='bbox 525 1293 625 1368; x_wconf 89' lang='lat' dir='ltr'><strong>perire</strong></span> <span class='ocrx_word' id='word_1_43' title='bbox 645 1293 748 1352; x_wconf 86' lang='lat' dir='ltr'><strong>Liberi</strong></span> <span class='ocrx_word' id='word_1_44' title='bbox 768 1302 862 1352; x_wconf 87' lang='lat' dir='ltr'><strong>vates.</strong></span> 
     </span>
    </p>

    <p class='ocr_par' dir='ltr' id='par_1_6' title="bbox 299 1364 1001 1452">
     <span class='ocr_line' id='line_1_9' title="bbox 299 1364 1001 1452; baseline 0.003 -16"><span class='ocrx_word' id='word_1_45' title='bbox 299 1377 369 1436; x_wconf 91' lang='lat' dir='ltr'><strong>Non</strong></span> <span class='ocrx_word' id='word_1_46' title='bbox 392 1364 452 1435; x_wconf 79' lang='lat' dir='ltr'><strong>alia</strong></span> <span class='ocrx_word' id='word_1_47' title='bbox 467 1394 583 1449; x_wconf 88' lang='lat' dir='ltr'><strong>mensa,</strong></span> <span class='ocrx_word' id='word_1_48' title='bbox 603 1396 692 1452; x_wconf 87' lang='lat' dir='ltr'><strong>quam</strong></span> <span class='ocrx_word' id='word_1_49' title='bbox 713 1379 761 1437; x_wconf 89' lang='lat' dir='ltr'><strong>vel</strong></span> <span class='ocrx_word' id='word_1_50' title='bbox 783 1379 872 1438; x_wconf 89' lang='lat' dir='ltr'><strong>unius</strong></span> <span class='ocrx_word' id='word_1_51' title='bbox 898 1387 1001 1438; x_wconf 89' lang='lat' dir='ltr'><strong>custos</strong></span> 
     </span>
    </p>

    <p class='ocr_par' dir='ltr' id='par_1_7' title="bbox 299 1462 949 1538">
     <span class='ocr_line' id='line_1_10' title="bbox 299 1462 949 1538; baseline -0.002 -18"><span class='ocrx_word' id='word_1_52' title='bbox 299 1463 425 1520; x_wconf 85' lang='lat' dir='ltr'><strong>Pluteus</strong></span> <span class='ocrx_word' id='word_1_53' title='bbox 447 1462 565 1538; x_wconf 80' lang='lat' dir='ltr'><strong>papyri,</strong></span> <span class='ocrx_word' id='word_1_54' title='bbox 588 1463 637 1519; x_wconf 88' lang='lat' dir='ltr'><strong>vel</strong></span> <span class='ocrx_word' id='word_1_55' title='bbox 659 1464 749 1522; x_wconf 90' lang='lat' dir='ltr'><strong>duum</strong></span> <span class='ocrx_word' id='word_1_56' title='bbox 771 1464 949 1522; x_wconf 83' lang='lat' dir='ltr'><strong>libellorum.</strong></span> 
     </span>
    </p>

    <p class='ocr_par' dir='ltr' id='par_1_8' title="bbox 300 1546 1056 1626">
     <span class='ocr_line' id='line_1_11' title="bbox 300 1546 1056 1626; baseline -0.001 -19"><span class='ocrx_word' id='word_1_57' title='bbox 300 1549 402 1620; x_wconf 87' lang='lat' dir='ltr'><strong>Abax,</strong></span> <span class='ocrx_word' id='word_1_58' title='bbox 425 1554 454 1603; x_wconf 89' lang='lat' dir='ltr'><strong>et</strong></span> <span class='ocrx_word' id='word_1_59' title='bbox 474 1546 552 1604; x_wconf 89' lang='lat' dir='ltr'><strong>idem</strong></span> <span class='ocrx_word' id='word_1_60' title='bbox 576 1555 622 1605; x_wconf 84' lang='lat' dir='ltr'><strong>eat</strong></span> <span class='ocrx_word' id='word_1_61' title='bbox 634 1549 764 1623; x_wconf 88' lang='lat' dir='ltr'><strong>pluteus.</strong></span> <span class='ocrx_word' id='word_1_62' title='bbox 786 1550 854 1607; x_wconf 92' lang='lat' dir='ltr'><strong>huic</strong></span> <span class='ocrx_word' id='word_1_63' title='bbox 866 1567 948 1624; x_wconf 90' lang='lat' dir='ltr'><strong>penu</strong></span> <span class='ocrx_word' id='word_1_64' title='bbox 961 1549 1056 1626; x_wconf 84' lang='lat' dir='ltr'><strong>longo</strong></span> 
     </span>
    </p>

    <p class='ocr_par' dir='ltr' id='par_1_9' title="bbox 236 1631 1056 2303">
     <span class='ocr_line' id='line_1_12' title="bbox 236 1631 900 1710; baseline 0.002 -20"><span class='ocrx_word' id='word_1_65' title='bbox 236 1673 237 1678; x_wconf 19' lang='grc' dir='ltr'><strong>κ</strong></span> <span class='ocrx_word' id='word_1_66' title='bbox 302 1631 376 1690; x_wconf 90' lang='lat' dir='ltr'><strong>Non</strong></span> <span class='ocrx_word' id='word_1_67' title='bbox 395 1631 577 1708; x_wconf 80' lang='lat' dir='ltr'><strong>integrarum</strong></span> <span class='ocrx_word' id='word_1_68' title='bbox 598 1633 698 1692; x_wconf 87' lang='lat' dir='ltr'><strong>fictilis</strong></span> <span class='ocrx_word' id='word_1_69' title='bbox 721 1635 900 1710; x_wconf 82' lang='lat' dir='ltr'><strong>patellarum</strong></span> 
     </span>
     <span class='ocr_line' id='line_1_13' title="bbox 301 1715 954 1793; baseline 0.002 -18"><span class='ocrx_word' id='word_1_70' title='bbox 301 1719 390 1775; x_wconf 85' lang='lat' dir='ltr'><strong>Aetat</strong></span> <span class='ocrx_word' id='word_1_71' title='bbox 411 1715 563 1792; x_wconf 86' lang='lat' dir='ltr'><strong>supellex:</strong></span> <span class='ocrx_word' id='word_1_72' title='bbox 589 1726 689 1777; x_wconf 88' lang='lat' dir='ltr'><strong>curtus</strong></span> <span class='ocrx_word' id='word_1_73' title='bbox 712 1737 836 1778; x_wconf 88' lang='lat' dir='ltr'><strong>urceus:</strong></span> <span class='ocrx_word' id='word_1_74' title='bbox 858 1717 954 1793; x_wconf 87' lang='lat' dir='ltr'><strong>pelvis</strong></span> 
     </span>
     <span class='ocr_line' id='line_1_14' title="bbox 301 1800 937 1882; baseline 0.002 -22"><span class='ocrx_word' id='word_1_75' title='bbox 301 1800 447 1860; x_wconf 89' lang='lat' dir='ltr'><strong>Dimidia:</strong></span> <span class='ocrx_word' id='word_1_76' title='bbox 470 1809 559 1877; x_wconf 90' lang='lat' dir='ltr'><strong>rupto</strong></span> <span class='ocrx_word' id='word_1_77' title='bbox 581 1802 677 1860; x_wconf 87' lang='lat' dir='ltr'><strong>latere</strong></span> <span class='ocrx_word' id='word_1_78' title='bbox 699 1804 794 1863; x_wconf 77' lang='lat' dir='ltr'><strong>futilis</strong></span> <span class='ocrx_word' id='word_1_79' title='bbox 817 1810 937 1882; x_wconf 79' lang='lat' dir='ltr'><strong>guttus3</strong></span> 
     </span>
     <span class='ocr_line' id='line_1_15' title="bbox 302 1887 995 1961; baseline 0.003 -17"><span class='ocrx_word' id='word_1_80' title='bbox 302 1887 463 1961; x_wconf 87' lang='lat' dir='ltr'><strong>Triumque</strong></span> <span class='ocrx_word' id='word_1_81' title='bbox 487 1887 639 1961; x_wconf 91' lang='lat' dir='ltr'><strong>quondam</strong></span> <span class='ocrx_word' id='word_1_82' title='bbox 661 1890 817 1948; x_wconf 86' lang='lat' dir='ltr'><strong>nasiterna</strong></span> <span class='ocrx_word' id='word_1_83' title='bbox 837 1906 995 1946; x_wconf 89' lang='lat' dir='ltr'><strong>nasorum:</strong></span> 
     </span>
     <span class='ocr_line' id='line_1_16' title="bbox 303 1971 981 2046; baseline 0 -16"><span class='ocrx_word' id='word_1_84' title='bbox 303 1971 451 2030; x_wconf 88' lang='lat' dir='ltr'><strong>Necnon</strong></span> <span class='ocrx_word' id='word_1_85' title='bbox 472 1971 596 2029; x_wconf 89' lang='lat' dir='ltr'><strong>matella</strong></span> <span class='ocrx_word' id='word_1_86' title='bbox 620 1991 686 2031; x_wconf 89' lang='lat' dir='ltr'><strong>eum</strong></span> <span class='ocrx_word' id='word_1_87' title='bbox 711 1993 818 2032; x_wconf 89' lang='lat' dir='ltr'><strong>sorore</strong></span> <span class='ocrx_word' id='word_1_88' title='bbox 841 1980 981 2046; x_wconf 82' lang='lat' dir='ltr'><strong>creterra,</strong></span> 
     </span>
     <span class='ocr_line' id='line_1_17' title="bbox 303 2055 1056 2133; baseline 0 -18"><span class='ocrx_word' id='word_1_89' title='bbox 303 2055 455 2133; x_wconf 84' lang='lat' dir='ltr'><strong>(Namque</strong></span> <span class='ocrx_word' id='word_1_90' title='bbox 474 2057 549 2114; x_wconf 86' lang='lat' dir='ltr'><strong>haee</strong></span> <span class='ocrx_word' id='word_1_91' title='bbox 570 2057 684 2116; x_wconf 88' lang='lat' dir='ltr'><strong>bibenti</strong></span> <span class='ocrx_word' id='word_1_92' title='bbox 706 2060 809 2131; x_wconf 86' lang='lat' dir='ltr'><strong>servit,</strong></span> <span class='ocrx_word' id='word_1_93' title='bbox 830 2058 885 2115; x_wconf 92' lang='lat' dir='ltr'><strong>illa</strong></span> <span class='ocrx_word' id='word_1_94' title='bbox 908 2058 1056 2132; x_wconf 87' lang='lat' dir='ltr'><strong>meienti.)</strong></span> 
     </span>
     <span class='ocr_line' id='line_1_18' title="bbox 301 2141 1034 2216; baseline 0.001 -16"><span class='ocrx_word' id='word_1_95' title='bbox 301 2142 381 2208; x_wconf 87' lang='lat' dir='ltr'><strong>Huic</strong></span> <span class='ocrx_word' id='word_1_96' title='bbox 402 2160 478 2200; x_wconf 86' lang='lat' dir='ltr'><strong>ansa</strong></span> <span class='ocrx_word' id='word_1_97' title='bbox 501 2141 602 2216; x_wconf 88' lang='lat' dir='ltr'><strong>periit,</strong></span> <span class='ocrx_word' id='word_1_98' title='bbox 623 2143 678 2200; x_wconf 91' lang='lat' dir='ltr'><strong>illa</strong></span> <span class='ocrx_word' id='word_1_99' title='bbox 699 2163 762 2201; x_wconf 90' lang='lat' dir='ltr'><strong>nou</strong></span> <span class='ocrx_word' id='word_1_100' title='bbox 785 2145 876 2200; x_wconf 90' lang='lat' dir='ltr'><strong>habet</strong></span> <span class='ocrx_word' id='word_1_101' title='bbox 896 2143 1034 2201; x_wconf 88' lang='lat' dir='ltr'><strong>limbum:</strong></span> 
     </span>
     <span class='ocr_line' id='line_1_19' title="bbox 301 2225 992 2303; baseline 0.001 -17"><span class='ocrx_word' id='word_1_102' title='bbox 301 2225 429 2301; x_wconf 85' lang='lat' dir='ltr'><strong>Aquale,</strong></span> <span class='ocrx_word' id='word_1_103' title='bbox 449 2226 557 2297; x_wconf 91' lang='lat' dir='ltr'><strong>futum,</strong></span> <span class='ocrx_word' id='word_1_104' title='bbox 579 2227 679 2298; x_wconf 90' lang='lat' dir='ltr'><strong>trulla,</strong></span> <span class='ocrx_word' id='word_1_105' title='bbox 699 2228 845 2303; x_wconf 90' lang='lat' dir='ltr'><strong>pollulum</strong></span> <span class='ocrx_word' id='word_1_106' title='bbox 865 2227 992 2287; x_wconf 85' lang='lat' dir='ltr'><strong>labrum.</strong></span> 
     </span>
    </p>

    <p class='ocr_par' dir='ltr' id='par_1_10' title="bbox 301 2309 959 2894">
     <span class='ocr_line' id='line_1_20' title="bbox 301 2309 939 2390; baseline 0 -20"><span class='ocrx_word' id='word_1_107' title='bbox 301 2314 342 2371; x_wconf 83' lang='lat' dir='ltr'><strong>At</strong></span> <span class='ocrx_word' id='word_1_108' title='bbox 361 2312 393 2369; x_wconf 94' lang='lat' dir='ltr'><strong>in</strong></span> <span class='ocrx_word' id='word_1_109' title='bbox 412 2309 554 2387; x_wconf 83' lang='lat' dir='ltr'><strong>quasilla,</strong></span> <span class='ocrx_word' id='word_1_110' title='bbox 576 2311 627 2387; x_wconf 93' lang='lat' dir='ltr'><strong>qui</strong></span> <span class='ocrx_word' id='word_1_111' title='bbox 647 2312 792 2389; x_wconf 77' lang='lat' dir='ltr'><strong>pependit</strong></span> <span class='ocrx_word' id='word_1_112' title='bbox 810 2333 826 2370; x_wconf 87' lang='lat' dir='ltr'><strong>e</strong></span> <span class='ocrx_word' id='word_1_113' title='bbox 847 2313 939 2390; x_wconf 86' lang='lat' dir='ltr'><strong>tigno,</strong></span> 
     </span>
     <span class='ocr_line' id='line_1_21' title="bbox 304 2396 959 2472; baseline -0.005 -15"><span class='ocrx_word' id='word_1_114' title='bbox 304 2396 430 2457; x_wconf 87' lang='lat' dir='ltr'><strong>Semesa</strong></span> <span class='ocrx_word' id='word_1_115' title='bbox 450 2414 555 2472; x_wconf 90' lang='lat' dir='ltr'><strong>perna,</strong></span> <span class='ocrx_word' id='word_1_116' title='bbox 580 2398 719 2472; x_wconf 85' lang='lat' dir='ltr'><strong>caseique</strong></span> <span class='ocrx_word' id='word_1_117' title='bbox 740 2398 905 2471; x_wconf 81' lang='lat' dir='ltr'><strong>buccellae,</strong></span> <span class='ocrx_word' id='word_1_118' title='bbox 957 2435 959 2438; x_wconf 94' lang='lat'>-</span> 
     </span>
     <span class='ocr_line' id='line_1_22' title="bbox 301 2482 931 2541; baseline 0.002 -1"><span class='ocrx_word' id='word_1_119' title='bbox 301 2482 484 2541; x_wconf 86' lang='lat' dir='ltr'><strong>Examinum</strong></span> <span class='ocrx_word' id='word_1_120' title='bbox 506 2490 571 2538; x_wconf 89' lang='lat' dir='ltr'><strong>atra</strong></span> <span class='ocrx_word' id='word_1_121' title='bbox 592 2483 822 2541; x_wconf 84' lang='lat' dir='ltr'><strong>verminantium</strong></span> <span class='ocrx_word' id='word_1_122' title='bbox 845 2484 931 2541; x_wconf 86' lang='lat' dir='ltr'><strong>cella.</strong></span> 
     </span>
     <span class='ocr_line' id='line_1_23' title="bbox 302 2566 910 2645; baseline 0.002 -20"><span class='ocrx_word' id='word_1_123' title='bbox 302 2568 341 2626; x_wconf 83' lang='lat' dir='ltr'><strong>Et</strong></span> <span class='ocrx_word' id='word_1_124' title='bbox 363 2566 394 2623; x_wconf 91' lang='lat' dir='ltr'><strong>in</strong></span> <span class='ocrx_word' id='word_1_125' title='bbox 418 2566 540 2637; x_wconf 88' lang='lat' dir='ltr'><strong>tabella,</strong></span> <span class='ocrx_word' id='word_1_126' title='bbox 561 2568 762 2643; x_wconf 89' lang='lat' dir='ltr'><strong>proximoque</strong></span> <span class='ocrx_word' id='word_1_127' title='bbox 783 2569 910 2645; x_wconf 87' lang='lat' dir='ltr'><strong>paxillo,</strong></span> 
     </span>
     <span class='ocr_line' id='line_1_24' title="bbox 302 2650 904 2731; baseline 0 -22"><span class='ocrx_word' id='word_1_128' title='bbox 302 2650 446 2709; x_wconf 88' lang='lat' dir='ltr'><strong>Frustilla</strong></span> <span class='ocrx_word' id='word_1_129' title='bbox 466 2652 605 2731; x_wconf 89' lang='lat' dir='ltr'><strong>pridiana</strong></span> <span class='ocrx_word' id='word_1_130' title='bbox 627 2654 727 2713; x_wconf 87' lang='lat' dir='ltr'><strong>carnis</strong></span> <span class='ocrx_word' id='word_1_131' title='bbox 750 2656 904 2724; x_wconf 86' lang='lat' dir='ltr'><strong>ambesae,</strong></span> 
     </span>
     <span class='ocr_line' id='line_1_25' title="bbox 304 2736 952 2809; baseline -0.002 -15"><span class='ocrx_word' id='word_1_132' title='bbox 304 2736 452 2795; x_wconf 82' lang='lat' dir='ltr'><strong>Analecta</strong></span> <span class='ocrx_word' id='word_1_133' title='bbox 470 2754 552 2809; x_wconf 90' lang='lat' dir='ltr'><strong>rosa,</strong></span> <span class='ocrx_word' id='word_1_134' title='bbox 575 2745 604 2794; x_wconf 89' lang='lat' dir='ltr'><strong>et</strong></span> <span class='ocrx_word' id='word_1_135' title='bbox 627 2738 689 2795; x_wconf 91' lang='lat' dir='ltr'><strong>olla</strong></span> <span class='ocrx_word' id='word_1_136' title='bbox 707 2740 782 2797; x_wconf 90' lang='lat' dir='ltr'><strong>iuris</strong></span> <span class='ocrx_word' id='word_1_137' title='bbox 808 2736 952 2807; x_wconf 88' lang='lat' dir='ltr'><strong>hesterni,</strong></span> 
     </span>
     <span class='ocr_line' id='line_1_26' title="bbox 303 2820 887 2894; baseline 0.002 -16"><span class='ocrx_word' id='word_1_138' title='bbox 303 2820 520 2878; x_wconf 87' lang='lat' dir='ltr'><strong>Lucanicorum</strong></span> <span class='ocrx_word' id='word_1_139' title='bbox 543 2821 671 2881; x_wconf 86' lang='lat' dir='ltr'><strong>circulus</strong></span> <span class='ocrx_word' id='word_1_140' title='bbox 694 2823 887 2894; x_wconf 88' lang='lat' dir='ltr'><strong>botellorum,</strong></span> 
     </span>
    </p>

    <p class='ocr_par' dir='ltr' id='par_1_11' title="bbox 234 2906 1031 3661">
     <span class='ocr_line' id='line_1_27' title="bbox 234 2906 967 2977; baseline -0.001 -14"><span class='ocrx_word' id='word_1_141' title='bbox 234 2940 237 2945; x_wconf 95' lang='lat'>·</span> <span class='ocrx_word' id='word_1_142' title='bbox 303 2906 361 2963; x_wconf 91' lang='lat' dir='ltr'><strong>Vel</strong></span> <span class='ocrx_word' id='word_1_143' title='bbox 375 2906 447 2962; x_wconf 89' lang='lat' dir='ltr'><strong>lanx</strong></span> <span class='ocrx_word' id='word_1_144' title='bbox 470 2906 578 2977; x_wconf 90' lang='lat' dir='ltr'><strong>omasi,</strong></span> <span class='ocrx_word' id='word_1_145' title='bbox 606 2906 654 2963; x_wconf 88' lang='lat' dir='ltr'><strong>vel</strong></span> <span class='ocrx_word' id='word_1_146' title='bbox 675 2908 791 2965; x_wconf 89' lang='lat' dir='ltr'><strong>catinus</strong></span> <span class='ocrx_word' id='word_1_147' title='bbox 814 2907 967 2963; x_wconf 85' lang='lat' dir='ltr'><strong>hillarum:</strong></span> 
     </span>
     <span class='ocr_line' id='line_1_28' title="bbox 305 2989 956 3068; baseline 0.002 -20"><span class='ocrx_word' id='word_1_148' title='bbox 305 2991 401 3065; x_wconf 82' lang='lat' dir='ltr'><strong>Quae,</strong></span> <span class='ocrx_word' id='word_1_149' title='bbox 421 2989 577 3065; x_wconf 87' lang='lat' dir='ltr'><strong>pridianae</strong></span> <span class='ocrx_word' id='word_1_150' title='bbox 598 3009 664 3047; x_wconf 91' lang='lat' dir='ltr'><strong>cum</strong></span> <span class='ocrx_word' id='word_1_151' title='bbox 686 2992 826 3068; x_wconf 87' lang='lat' dir='ltr'><strong>poeticen</strong></span> <span class='ocrx_word' id='word_1_152' title='bbox 848 2992 956 3051; x_wconf 87' lang='lat' dir='ltr'><strong>Musae</strong></span> 
     </span>
     <span class='ocr_line' id='line_1_29' title="bbox 303 3073 909 3154; baseline 0 -21"><span class='ocrx_word' id='word_1_153' title='bbox 303 3074 480 3146; x_wconf 88' lang='lat' dir='ltr'><strong>Destertuit,</strong></span> <span class='ocrx_word' id='word_1_154' title='bbox 502 3073 630 3132; x_wconf 89' lang='lat' dir='ltr'><strong>conviva</strong></span> <span class='ocrx_word' id='word_1_155' title='bbox 653 3083 793 3135; x_wconf 86' lang='lat' dir='ltr'><strong>strenuus</strong></span> <span class='ocrx_word' id='word_1_156' title='bbox 814 3076 909 3154; x_wconf 81' lang='lat' dir='ltr'><strong>glutit.</strong></span> 
     </span>
     <span class='ocr_line' id='line_1_30' title="bbox 305 3159 974 3237; baseline 0 -18"><span class='ocrx_word' id='word_1_157' title='bbox 305 3159 448 3237; x_wconf 80' lang='lat' dir='ltr'><strong>Capsella</strong></span> <span class='ocrx_word' id='word_1_158' title='bbox 472 3160 586 3217; x_wconf 88' lang='lat' dir='ltr'><strong>subtus.</strong></span> <span class='ocrx_word' id='word_1_159' title='bbox 610 3161 666 3217; x_wconf 92' lang='lat' dir='ltr'><strong>hae</strong></span> <span class='ocrx_word' id='word_1_160' title='bbox 688 3168 814 3237; x_wconf 87' lang='lat' dir='ltr'><strong>reposta</strong></span> <span class='ocrx_word' id='word_1_161' title='bbox 837 3170 974 3219; x_wconf 90' lang='lat' dir='ltr'><strong>servatur</strong></span> 
     </span>
     <span class='ocr_line' id='line_1_31' title="bbox 303 3244 879 3321; baseline 0 -19"><span class='ocrx_word' id='word_1_162' title='bbox 303 3245 492 3304; x_wconf 90' lang='lat' dir='ltr'><strong>Poeticorum</strong></span> <span class='ocrx_word' id='word_1_163' title='bbox 519 3244 670 3321; x_wconf 85' lang='lat' dir='ltr'><strong>synthesis</strong></span> <span class='ocrx_word' id='word_1_164' title='bbox 691 3245 879 3316; x_wconf 84' lang='lat' dir='ltr'><strong>libellorum3</strong></span> 
     </span>
     <span class='ocr_line' id='line_1_32' title="bbox 305 3328 976 3406; baseline -0.003 -17"><span class='ocrx_word' id='word_1_165' title='bbox 305 3328 440 3403; x_wconf 88' lang='lat' dir='ltr'><strong>Servata,</strong></span> <span class='ocrx_word' id='word_1_166' title='bbox 461 3348 521 3389; x_wconf 89' lang='lat' dir='ltr'><strong>nec</strong></span> <span class='ocrx_word' id='word_1_167' title='bbox 541 3338 670 3403; x_wconf 86' lang='lat' dir='ltr'><strong>servata,</strong></span> <span class='ocrx_word' id='word_1_168' title='bbox 693 3332 833 3404; x_wconf 91' lang='lat' dir='ltr'><strong>quatinus</strong></span> <span class='ocrx_word' id='word_1_169' title='bbox 856 3346 976 3406; x_wconf 86' lang='lat' dir='ltr'><strong>semper</strong></span> 
     </span>
     <span class='ocr_line' id='line_1_33' title="bbox 304 3413 974 3491; baseline 0.004 -20"><span class='ocrx_word' id='word_1_170' title='bbox 304 3413 363 3471; x_wconf 93' lang='lat' dir='ltr'><strong>Illa</strong></span> <span class='ocrx_word' id='word_1_171' title='bbox 384 3415 524 3491; x_wconf 91' lang='lat' dir='ltr'><strong>inquilini</strong></span> <span class='ocrx_word' id='word_1_172' title='bbox 546 3414 658 3491; x_wconf 88' lang='lat' dir='ltr'><strong>scripta</strong></span> <span class='ocrx_word' id='word_1_173' title='bbox 679 3424 837 3491; x_wconf 88' lang='lat' dir='ltr'><strong>permeant</strong></span> <span class='ocrx_word' id='word_1_174' title='bbox 859 3435 974 3486; x_wconf 81' lang='lat' dir='ltr'><strong>mures3</strong></span> 
     </span>
     <span class='ocr_line' id='line_1_34' title="bbox 305 3498 1031 3576; baseline 0.003 -21"><span class='ocrx_word' id='word_1_175' title='bbox 305 3498 423 3573; x_wconf 85' lang='lat' dir='ltr'><strong>Quibus</strong></span> <span class='ocrx_word' id='word_1_176' title='bbox 445 3500 536 3559; x_wconf 85' lang='lat' dir='ltr'><strong>refert</strong></span> <span class='ocrx_word' id='word_1_177' title='bbox 557 3500 745 3559; x_wconf 85' lang='lat' dir='ltr'><strong>Moncaudu&#39;s</strong></span> <span class='ocrx_word' id='word_1_178' title='bbox 765 3520 842 3560; x_wconf 93' lang='lat' dir='ltr'><strong>unus</strong></span> <span class='ocrx_word' id='word_1_179' title='bbox 865 3509 1031 3576; x_wconf 86' lang='lat' dir='ltr'><strong>acceptum,</strong></span> 
     </span>
     <span class='ocr_line' id='line_1_35' title="bbox 306 3583 1022 3661; baseline 0.003 -21"><span class='ocrx_word' id='word_1_180' title='bbox 306 3583 396 3658; x_wconf 82' lang='lat' dir='ltr'><strong>Quod</strong></span> <span class='ocrx_word' id='word_1_181' title='bbox 417 3584 539 3661; x_wconf 89' lang='lat' dir='ltr'><strong>scripsit</strong></span> <span class='ocrx_word' id='word_1_182' title='bbox 551 3585 618 3645; x_wconf 87' lang='lat' dir='ltr'><strong>&#39;illis</strong></span> <span class='ocrx_word' id='word_1_183' title='bbox 645 3586 707 3657; x_wconf 90' lang='lat' dir='ltr'><strong>illa,</strong></span> <span class='ocrx_word' id='word_1_184' title='bbox 731 3606 792 3644; x_wconf 92' lang='lat' dir='ltr'><strong>non</strong></span> <span class='ocrx_word' id='word_1_185' title='bbox 820 3586 877 3645; x_wconf 91' lang='lat' dir='ltr'><strong>sibi</strong></span> <span class='ocrx_word' id='word_1_186' title='bbox 897 3589 1022 3644; x_wconf 89' lang='lat' dir='ltr'><strong>tantum.</strong></span> 
     </span>
    </p>

    <p class='ocr_par' dir='ltr' id='par_1_12' title="bbox 259 3667 977 3833">
     <span class='ocr_line' id='line_1_36' title="bbox 259 3667 977 3745; baseline 0.004 -19"><span class='ocrx_word' id='word_1_187' title='bbox 259 3741 261 3745; x_wconf 23' lang='grc' dir='ltr'>Ι</span> <span class='ocrx_word' id='word_1_188' title='bbox 304 3667 424 3726; x_wconf 88' lang='lat' dir='ltr'><strong>Deinde</strong></span> <span class='ocrx_word' id='word_1_189' title='bbox 442 3668 619 3743; x_wconf 88' lang='lat' dir='ltr'><strong>ploxenum,</strong></span> <span class='ocrx_word' id='word_1_190' title='bbox 642 3680 672 3729; x_wconf 90' lang='lat' dir='ltr'><strong>et</strong></span> <span class='ocrx_word' id='word_1_191' title='bbox 692 3671 856 3729; x_wconf 90' lang='lat' dir='ltr'><strong>forensium</strong></span> <span class='ocrx_word' id='word_1_192' title='bbox 873 3678 977 3729; x_wconf 89' lang='lat' dir='ltr'><strong>custos</strong></span> 
     </span>
     <span class='ocr_line' id='line_1_37' title="bbox 288 3753 914 3833; baseline 0.003 -22"><span class='ocrx_word' id='word_1_193' title='bbox 288 3753 502 3825; x_wconf 25' lang='lat' dir='ltr'><strong>*Liticularum</strong></span> <span class='ocrx_word' id='word_1_194' title='bbox 524 3754 626 3833; x_wconf 87' lang='lat' dir='ltr'><strong>bulga,</strong></span> <span class='ocrx_word' id='word_1_195' title='bbox 650 3774 724 3831; x_wconf 84' lang='lat' dir='ltr'><strong>quas</strong></span> <span class='ocrx_word' id='word_1_196' title='bbox 745 3755 823 3815; x_wconf 86' lang='lat' dir='ltr'><strong>etis</strong></span> <span class='ocrx_word' id='word_1_197' title='bbox 845 3774 914 3814; x_wconf 82' lang='lat' dir='ltr'><strong>raro</strong></span> 
     </span>
    </p>
   </div>
   <div class='ocr_carea' id='block_1_2' title="bbox 0 0 1455 4650">
    <p class='ocr_par' dir='ltr' id='par_1_13' title="bbox 0 0 1455 4650">
     <span class='ocr_line' id='line_1_38' title="bbox 0 0 1455 4650; baseline 0 0"><span class='ocrx_word' id='word_1_198' title='bbox 0 0 1455 4650; x_wconf 95' lang='lat' dir='ltr'><strong> </strong></span> 
     </span>
    </p>
   </div>
  </div>
 </body>
</html>
