2884 4650
692 539 845 633 —204—

356 703 388 765 κ’
415 703 451 765 οδ
474 701 630 787 Γλυκέρη,
649 707 766 786 μᾶλλον
788 704 863 773 Θαῒς
884 702 1024 788 ἐρωμένη
1047 702 1095 788 ἦν.

571 895 591 933 ι.
635 868 716 935 ων
735 832 970 936 ΣινοΡιωΗΝ.

316 958 346 1029 5,
356 954 552 1039 42.χρήματ’
562 956 768 1040 ἄρεῖκλέπτης
777 956 848 1025 τοὺς
861 956 1044 1042 φωριαμοὺς
1054 956 1228 1027 ἐπανοίξας.

361 1039 438 1124 αἶψα
460 1039 644 1120 κατασμύξει
666 1042 744 1124 φλὸξ
765 1042 909 1125 πατρικὸν
932 1040 1076 1124 μέγαρον.

315 1124 451 1208 χρήστης
469 1125 521 1186 καὶ
541 1126 574 1187 τὸ
602 1124 704 1200 δάνος,
724 1126 775 1229 καὶ
796 1125 956 1229 τδνντύκον
981 1125 1037 1187 οὐκ
1054 1125 1234 1227 ρἰποδώσει,

317 1207 481 1375 affl
502 1208 1075 1378 {ffiffifisstz055222333?²²·
1158 1254 1165 1261 ’

343 1381 443 1522 3⁰³³?
463 1375 1054 1527 ⁸5⁰?ss“‘{²‘f?22⁹0²⁰35⁹⁰⁰22⁰2³⁴⁰³Jf⁰⁰2ss02
1079 1461 1157 1523 πω

317 1484 404 1607 παῖἄν
427 1484 591 1630 μέταδιγῖςὲ<
601 1485 726 1627 μρούνωί
744 1486 848 1630 κύβίύς
871 1487 936 1611 aig}
958 1486 1050 1631 ἄση,
1077 1563 1081 1573 “
1159 1506 1168 1523 ⁶

322 1715 428 1789 10‚85.
451 1712 561 1775 Λάδων
582 1714 736 1795 γηραλέος
749 1713 869 1800 Τίβεριν
883 1716 960 1791 κάτα
977 1715 1014 1797 δή
1031 1736 1105 1776 ποτε
1119 1712 1232 1797 ναύτης

361 1797 433 1883 ἄγχι
456 1797 553 1880 φίλων
576 1798 694 1861 ὑδάτων
718 1801 824 1883 γήδιον
849 1799 984 1883 ἐπρίατο.

320 1879 390 1945 εὖτε
415 1882 449 1943 δὲ
472 1882 664 1966 πληρμύρων
687 1906 735 1966 μιν
760 1884 982 1969 ἐπιστείβεσκεν
1006 1881 1139 1967 ἄναυρος

362 1967 453 2050 ἀγρὸν
481 1966 649 2039 ἐπικλύζων
670 1968 799 2052 ῥεύματι
819 1968 977 2052 χειμερίῳ,

321 2049 403 2135 ἄχθη
427 2050 621 2134 ἐρειδόμενον
646 2053 763 2137 σκάφος
786 2052 915 2129 ἄπλοοι,
936 2051 1023 2114 ἀντία
1043 2051 1175 2134 πλήμης,

362 2136 559 2217 πλησάμενος
579 2136 725 2213 λιθάκων,
745 2136 843 2220 ἄλκαρ
866 2136 960 2219 ἔθηκε
985 2135 1069 2219 ῥύου.

320 2219 403 2283 οὕτω
423 2220 632 2304 σφοδροτέραν
652 2222 740 2305 χύσιν
764 2220 877 2303 ἔστεγε.
900 2222 943 2288 τίς
963 2242 998 2283 κε
1019 2220 1158 2295 πίθοιτυ;

362 2306 455 2388 κτήτη
483 2304 635 2389 ἄόσσησεν
658 2311 731 2375 ναῦς
753 2304 980 2390 καταδυομένη.

322 2477 410 2549 5,76.
431 2472 533 2542 τοξικὰ
545 2474 599 2557 μὲν
614 2477 780 2560 προλαβὼν
789 2473 980 2579 Μιθριδάτης
991 2473 1093 2537 πολλὰ
1106 2472 1234 2536 πέπωκε

363 2564 418 2620 τοῦ
442 2558 482 2641 μὴ
509 2559 698 2636 βλάπτεσθαι
721 2581 930 2668 φαρμακοεντι
951 2562 1065 2642 πυτῴ.’

322 2646 366 2727 τῷ
386 2644 420 2705 δὲ
444 2664 477 2703 σε
498 2645 656 2726 λιμώττειν
678 2646 749 2721 αἰει,
771 2643 981 2728 προφύλαγμα
1000 2641 1071 2706 τύδ’
1093 2641 1191 2728 εὗρες,

367 2728 447 2789 ὥστε
469 2728 574 2790 θανεῖν
596 2731 677 2814 λιμῷ
701 2729 796 2812 μηδὲν
822 2726 904 2813 ἔχειν
927 2728 962 2790 σὲ
986 2727 1064 2796 δέος.

326 2899 373 2972 14,
385 2900 414 2960 3.
429 2896 457 2958 εί
481 2899 522 2980 μὴ
545 2901 743 2983 λεπτομερῶς
763 2897 864 2982 κίτρος
884 2899 1053 2980 πινακηδὸν
1074 2894 1234 2980 ἐπρίσθην,

428 2986 534 3064 τιμῆεν
555 2983 690 3066 Λιβυκοῦ
718 2982 826 3067 βρῖθος
848 2982 973 3050 ὀδόντος
996 2980 1031 3044 ἂν
1054 2979 1101 3065 ἦν.

327 3068 374 3144 14,
388 3068 417 3129 5.
433 3064 516 3150 ὄφρα
532 3067 572 3149 μή
596 3065 756 3152 ἄβληχρὰς
778 3066 932 3151 ἀμβλύναι
955 3067 1048 3149 κηρὸς
1074 3064 1213 3140 ὀπωπάς,

430 3151 525 3220 στίξαι
548 3154 708 3235 λευκοφαῆ
732 3152 849 3234 γράμμ’
872 3150 1027 3236 ἐλέφαντα
1052 3147 1157 3232 μέλαν.
1203 3205 1206 3212 .
1246 3175 1252 3190 =

327 3241 374 3314 14,
385 3241 414 3300 6.
428 3235 508 3320 ἦμος
531 3235 737 3319 ἐλευσομένην
757 3236 806 3298 σοὶ
826 3237 937 3320 γράψει
958 3234 1099 3318 ἐρωμένη
1122 3230 1210 3315 αύτή,

432 3321 554 3390 εὐτελὲς
577 3319 614 3383 ού
637 3321 746 3406 φήσεις
766 3320 915 3404 τρίπτυχον
939 3320 1037 3403 δῶρον
1061 3319 1131 3402 ἐμά.

327 3409 376 3482 14,
387 3411 416 3470 7.
432 3406 566 3492 διφθέρα
591 3405 707 3489 ἐκλήθη
729 3405 794 3488 μὲν,
819 3404 894 3488 ἀτάρ
917 3426 965 3466 σοι
986 3405 1079 3486 κηρὸς
1103 3401 1215 3465 ἔσοιτο.

430 3495 558 3576 γράμμα
576 3493 767 3575 νεοχμώσεις
789 3488 871 3572 τήνδ’
899 3486 1159 3572 ἀπαλειψάμενος.

328 3576 378 3649 14,
387 3579 416 3638 9.
430 3574 594 3663 ἤμβροτες,
616 3576 645 3638 εἰ
667 3571 823 3657 πέμπεσθ’
840 3575 921 3658 ἡμᾶς
943 3579 981 3656 τῇ
1010 3569 1152 3655 ἐρωμένῃ
1174 3570 1238 3652 W]
1308 3655 1316 3674 .

430 3660 529 3745 κέρμα
553 3660 685 3746 βλέπων.
709 3660 788 3721 αἰτεῖ
809 3657 909 3741 κέρμα
932 3661 983 3720 καὶ
1003 3657 1060 3737 ἥδε
1084 3655 1177 3722 σανίς.

330 3747 439 3821 14,10.
454 3746 495 3829 μὴ
519 3747 690 3830 δωρήματα
713 3743 805 3808 τυτθά
829 3765 878 3806 σοι
900 3742 1019 3825 δοκοίη,
