2884 4650
563 506 714 602 ..¹2⁵-

178 674 352 736 Gontemtis
375 674 498 750 opibus,
518 677 629 753 spretis
649 677 852 754 popularibus
872 678 965 751 auris,

225 761 441 833 ventosaeque
463 759 558 837 fugux
582 761 772 833 ambitionis,
789 761 873 820 obis:

178 845 325 905 Praemia
346 843 441 920 quina
455 854 562 921 quater
582 846 695 905 Piseae
717 847 838 905 functus
862 846 978 906 olivae:

223 931 265 988 Et
286 929 431 1004 linquens
453 931 547 988 animi
568 933 697 1008 pignora
714 949 785 988 rara
805 931 863 989 tui:

178 1015 219 1073 In
241 1014 353 1089 quibus
375 1013 455 1072 baud
475 1015 531 1073 tibi
555 1034 589 1074 se
612 1016 781 1074 anteferent
801 1033 875 1090 quos
897 1013 976 1072 Itala
993 1024 1079 1074 vates

225 1098 325 1156 Terra
343 1098 438 1169 dedit3
460 1119 519 1158 neo
539 1119 617 1175 quos
639 1100 744 1160 Gallia
764 1108 861 1159 mater
882 1099 947 1172 alit,
997 1169 1008 1186 f

180 1185 366 1260 Aequabunt
385 1184 507 1261 genium
527 1185 627 1246 feliois
648 1186 803 1257 carminis,
823 1194 853 1243 et
875 1203 952 1261 quae

225 1268 320 1330 Orbis
343 1268 435 1327 habet
456 1270 557 1328 famae
578 1271 703 1330 oonsoia
724 1271 812 1348 signa
835 1278 917 1329 tuoe·

181 1354 326 1430 Namque
347 1353 388 1411 ad
409 1372 582 1430 supremum
603 1356 751 1432 perducta
773 1355 895 1433 poetica
915 1355 1035 1414 eulmen

226 1440 264 1498 In
283 1447 315 1497 te
334 1445 405 1511 stat,
428 1458 485 1498 neo
505 1458 564 1515 qno
584 1440 792 1518 progrediatur
814 1442 913 1501 babet.
1027 1479 1030 1486 -

185 1523 314 1601 Imperii
338 1523 438 1582 fuerat
458 1524 592 1583 Romani
612 1524 719 1586 Sootia
736 1526 842 1586 limes:

225 1607 361 1668 Romani
383 1608 496 1684 eloquii
519 1608 626 1670 Sootia
645 1611 716 1669 finis
736 1611 802 1668 erit.

310 1781 313 1785 ’
342 1776 390 1834 ¹2.
435 1780 631 1855 Epitaphium
652 1781 816 1836 Abrabami
838 1778 948 1837 Ortelie'.

186 1862 269 1939 Quid
292 1861 427 1940 dignum,
451 1863 561 1937 Orteli,
582 1864 655 1939 quid
666 1882 809 1940 magnum
821 1871 1100 1939 pectorepromam,

229 1948 297 2023 Quo
319 1947 441 2024 possim
462 1949 558 2007 eineri
576 1949 693 2007 solvere
713 1951 796 2006 iusta
818 1948 889 2004 tuo?

167 2033 348 2102 &Exoiturus
371 2050 454 2090 eram
476 2033 582 2093 doctas
604 2035 636 2092 in
655 2031 924 2092 carmineDivas:

229 2117 375 2177 Carmina
391 2116 467 2176 ‘sunt
488 2119 604 2178 meritis
626 2117 860 2192 inferiora-tuis.

184 2201 413 2281 Impendendus
436 2212 501 2262 erat
523 2204 670 2263 Mundus:
693 2203 749 2262 sed
768 2209 890 2281 pectore
906 2199 1050 2273 Mundum

230 2287 364 2366 Cepisti=
386 2287 492 2349 laudes
514 2309 577 2349 non
599 2289 682 2366 oapit
702 2289 756 2347 ille
776 2295 854 2347 tuas.

186 2374 270 2450 Quid
288 2372 420 2430 faciam?
440 2374 549 2433 melius
572 2376 689 2452 eoeptis
712 2374 876 2433 desistere:
897 2370 1015 2429 abunde

227 2459 396 2531 Laudatur,
416 2460 465 2517 oui
481 2460 553 2521 laus
572 2460 658 2521 nulla
679 2467 728 2517 sat
747 2477 816 2517 esse
837 2464 950 2535 potest.

379 2626 427 2685 13.
471 2630 510 2686 In
531 2630 640 2687 obitura
659 2630 749 2687 Elios
770 2626 910 2685 Patsobii.

185 2718 267 2793 Ergo
289 2713 357 2785 tibi,
377 2712 515 2785 Putsehi,
537 2734 647 2792 magna
669 2722 700 2771 et
718 2712 878 2789 praeclara
900 2712 1027 2770 minanti

229 2799 368 2857 luieeere
385 2797 490 2856 avidas
513 2799 617 2858 invida
635 2799 699 2857 fata
718 2797 850 2856 manuel

187 2886 259 2945 Heu
282 2883 337 2941 ubi
355 2882 574 2957 suntsruetus,
595 2903 674 2959 quos
694 2903 745 2942 me
766 2901 890 2959 sperare
909 2882 1064 2953 iubebunt,

229 2970 280 3029 Ah
301 2969 447 3027 frustrata
467 2987 566 3027 meam
584 2970 707 3028 eredula
727 2977 799 3027 vota
820 2967 934 3026 fidem?

186 3054 246 3117 Ille
266 3052 492 3113 camoenarum
513 3055 602 3113 cultis
625 3072 793 3132 generosus
814 3054 846 3111 in
869 3052 965 3112 hortis

230 3138 394 3199 Flosoulus
416 3158 433 3196 e
455 3147 562 3197 tenera
582 3159 705 3218 surgere
725 3140 828 3197 iussus
848 3138 952 3210 humo,

189 3226 284 3287 Ortus
306 3231 336 3281 et
355 3242 522 3301 oppressus
545 3226 635 3284 simul
650 3234 706 3284 est.
735 3242 796 3281 uua
819 3223 937 3295 extulit,
960 3239 1020 3280 una

231 3308 377 3381 Abstulit,
398 3318 431 3366 ut
452 3328 576 3386 gramen
599 3310 769 3381 solstitiale,
789 3308 864 3367 dies.

188 3394 299 3455 Gloria
315 3401 450 3453 maturos
471 3396 527 3454 tibi
548 3395 609 3452 iam
630 3395 812 3472 properabat
832 3393 975 3449 bonores:

231 3478 368 3559 Ingeniis
391 3481 510 3557 magnis
531 3480 592 3539 iam
612 3480 790 3539 metuendus
812 3492 891 3534 eras.

188 3565 258 3623 Iam
274 3565 331 3624 tibi
352 3565 482 3625 decurso
504 3565 604 3643 spatio
625 3566 671 3625 vis
691 3562 810 3622 fervida
830 3562 940 3619 mentis

233 3648 409 3727 Stringebat
432 3659 530 3711 metas
551 3651 696 3711 interiore
718 3655 794 3706 rota.

189 3735 257 3793 Iam
278 3734 477 3814 promittebat
496 3736 617 3794 facilem
637 3733 774 3793 Victoria
795 3731 943 3809 palmam:
