2884 4650
614 547 653 605 37

173 713 291 772 Maiore
314 711 405 769 laude
426 713 534 785 vincis,
558 733 592 770 aa
615 734 702 776 suum
722 716 843 774 tandem

173 799 225 855 Illi
247 797 422 869 auferendo,
445 797 580 856 vindicas
604 801 669 873 tibi,
690 801 808 858 Vatem.

173 883 255 942 Nam
274 883 354 940 bene
370 883 479 940 mereri
500 883 578 941 Vate
601 885 637 942 de
662 905 727 957 suo,
754 905 843 960 quem
861 905 918 945 nec

176 967 310 1028 Servare
333 966 444 1043 potuit,
465 967 531 1026 iure
552 989 614 1028 non
633 978 739 1046 potest
758 969 829 1028 ullo.

174 1053 260 1111 Tuus
283 1059 374 1129 poeta
392 1059 440 1110 est
459 1052 550 1129 igitur
570 1055 685 1130 optimo
708 1055 784 1112 iure.

175 1137 266 1211 Quid,
290 1137 372 1211 quod
393 1145 555 1214 vagantum
577 1159 667 1198 nosse
691 1138 829 1199 Siderum
848 1158 965 1213 cursus,

176 1221 260 1282 Solis
282 1221 417 1294 labores,
441 1223 541 1299 spatia
562 1232 735 1283 menstruae
755 1225 873 1298 Lunae,

75 1327 76 1340 ¹
174 1311 357 1381 Annumque
377 1326 500 1384 gressus
523 1309 555 1366 in
579 1328 648 1368 suos
668 1309 865 1383 relabentem,

175 1392 306 1469 Indigna
326 1411 387 1450 non
412 1401 458 1449 est
476 1393 561 1470 Rege
583 1395 716 1452 maximo
738 1395 831 1452 cura?

76 1489 77 1538 ἶ
176 1478 281 1536 Testis
305 1475 460 1553 Necepso,
483 1479 534 1554 qui
556 1477 702 1556 Canopici
724 1480 812 1557 regni

177 1564 301 1621 Tenens
323 1563 469 1635 habenae,
491 1571 578 1622 nocte
600 1565 764 1623 consulens
787 1564 914 1637 caelum,

76 1681 77 1718 ;
177 1647 382 1722 Quaecunque
403 1648 490 1714 limes
514 1656 597 1707 astra
619 1649 744 1726 signifer
766 1657 874 1725 portat,

177 1732 275 1790 Radia
297 1733 423 1791 notavit.
446 1733 517 1807 quid
537 1741 673 1792 vetustus
697 1735 831 1793 eiusdem

176 1817 340 1893 Tyrannus
360 1817 458 1890 aulae,
480 1827 585 1893 terque
607 1819 758 1878 maximus
779 1818 845 1877 Nili

177 1903 335 1978 Regnator
353 1902 495 1976 Hermes,
519 1904 569 1978 qui
591 1903 741 1981 logistiois
759 1904 880 1980 punctis

177 1987 310 2063 Collegit
329 1995 426 2057 astra3
447 1987 553 2045 caelici
574 1989 741 2064 penetralis

177 2071 339 2131 Reseravit
360 2073 461 2148 adyta,
484 2073 567 2130 venit
588 2074 627 2129 ad
646 2073 733 2132 Deos
754 2073 852 2148 ipsos,

178 2155 272 2218 Caelo
294 2158 406 2233 potitus
429 2158 472 2216 sic
492 2177 548 2234 per
569 2167 651 2216 astra
669 2158 807 2234 captivo?

178 2242 256 2316 Quid
279 2242 398 2318 priscus
421 2243 521 2316 Atlas,
542 2252 639 2301 rector
658 2244 791 2315 Africae,
809 2242 860 2316 qui
881 2262 943 2301 non

178 2327 313 2399 Cervice,
334 2348 437 2386 ver-um
459 2337 558 2387 mente
575 2330 702 2406 *pertulit
725 2328 863 2386 caelum?

178 2412 256 2486 Quid
275 2413 340 2485 ille,
360 2432 453 2471 canae
476 2432 564 2489 quem
587 2415 745 2489 loquentur
766 2421 892 2485 aetates,

177 2501 335 2557 Astrorum
356 2499 506 2571 alumnus,
526 2500 637 2577 pignus
658 2518 781 2557 aureum
800 2498 888 2571 caeli,

178 2581 331 2643 Castellae
351 2602 495 2641 amoenae
518 2584 589 2641 Rex
611 2592 748 2642 vetustus
772 2584 936 2654 Alfousus3

177 2668 310 2744 Aliique,
332 2688 406 2745 quos
430 2688 485 2727 nec
506 2670 732 2744 explicaverim,
753 2668 866 2746 Reges,

177 2752 288 2811 Divina
311 2753 362 2827 qui
380 2773 435 2830 per
454 2755 567 2831 scripta
588 2755 723 2832 Regibus
745 2754 874 2830 magnis,

177 2839 358 2915 Magnisque
378 2846 492 2897 tantam
511 2839 648 2898 Ducibus
673 2847 814 2897 asserunt
836 2838 954 2897 artem?

177 2926 235 2981 Ars
255 2924 318 2983 ista
337 2924 391 2996 sio,
410 2923 481 2982 Rex
502 2943 622 3001 magne,
648 2924 784 3001 Regibus
807 2944 865 2981 non
890 2931 937 2983 est

178 3008 317 3085 indigna,
341 3028 419 3085 quae
441 3017 483 3067 tot
504 3009 638 3068 vindices
659 3010 751 3066 habet
772 3010 884 3086 Reges.

179 3092 266 3167 Quod
287 3094 364 3152 siet
386 3093 524 3151 clientem
548 3095 626 3152 bunc
645 3094 773 3169 recipis;
795 3115 814 3152 ο
835 3101 941 3169 quater
960 3092 1046 3163 felix,
1114 3128 1118 3142 ι

179 3176 273 3252 Quem
298 3180 343 3237 sic
362 3188 492 3251 tuentur,
516 3180 705 3254 saeculisque
729 3180 937 3237 commendant

179 3263 292 3341 Regale
315 3264 457 3337 studium,
480 3273 572 3340 tuque
595 3265 746 3322 maximus
771 3265 897 3341 Regum.

246 3370 378 3435 [„memini
397 3378 484 3420 tamen
497 3386 538 3421 ma
555 3371 647 3421 alieubi
660 3372 785 3422 memoria
800 3372 902 3435 lapsum
918 3380 983 3416 ease.
1010 3366 1089 3430 igitur

243 3454 292 3503 pro
310 3440 356 3489 illo
375 3438 432 3489 Rea
449 3438 593 3490 Celtiberae
613 3440 769 3489 Tarraconis
787 3438 911 3501 Alfenam
924 3438 1089 3500 reponendus

245 3509 294 3557 erit
312 3509 355 3557 ille
373 3506 505 3559 Castellae
523 3524 644 3558 amoenae
661 3526 709 3557 rea
721 3515 836 3557 vetustus
849 3504 998 3567 Alsomm.’'
1026 3504 1088 3557 Sca·

245 3577 311 3639 liger
340 3578 394 3641 ipse
417 3578 530 3627 moriens
557 3585 621 3627 teste
643 3578 754 3628 Daniele
780 3574 889 3625 Heinsio
913 3576 941 3624 in
963 3572 1089 3639 Scaliger-i

246 3646 361 3710 epistolia
380 3662 405 3711 p.
425 3644 498 3711 835]

76 3738 77 3805 l
211 3736 269 3787 Hoc
285 3754 387 3789 carmen
404 3740 547 3803 praefixum
568 3746 605 3787 est
623 3737 703 3803 priori
722 3736 829 3785 editioni
846 3735 954 3785 Manilii.
