2884 4650
570 580 720 675 —337-

189 746 279 807 Eudo
301 748 460 824 procinctu
481 751 635 807 cernentia
652 768 730 825 quae
751 751 871 826 agmina
890 751 972 810 ferro

189 831 230 891 Et
251 831 346 889 rixam
369 832 429 891 luis
451 832 602 893 alterutris
626 854 666 893 ex
687 830 819 911 partibu'
840 846 969 911 pugnae,

189 916 226 975 In
250 916 333 975 hello
352 935 491 991 cernens,
513 926 546 977 ut
567 920 635 994 quis
655 920 834 996 palmarium
856 919 993 995 adeptus,

190 999 266 1074 Quis
291 1008 322 1059 tu
343 1021 469 1078 cumque
489 1003 594 1063 favens
618 1012 753 1080 praestas
777 1004 953 1064 dulcissima
973 1008 1055 1065 vute

190 1086 303 1146 Omnia
322 1104 390 1145 uam
411 1088 576 1162 moderare,
596 1098 627 1147 et
647 1090 770 1167 grandis
792 1089 905 1148 adorea
923 1090 997 1149 belli

190 1170 271 1230 Tota
295 1180 385 1234 exte
408 1173 530 1249 pendet,
552 1174 640 1233 laetis
662 1174 858 1233 vitulantibus
875 1193 1001 1253 augens.
1038 1197 1042 1208 ¹

189 1253 290 1328 Quare
310 1258 368 1315 huc
389 1258 432 1317 sis
454 1260 568 1332 venias,
595 1259 727 1337 cupienti
749 1259 810 1317 Dia
828 1259 973 1334 Dearum,

189 1338 317 1417 Semper
337 1342 495 1419 praeclaro
516 1344 645 1421 iungens
670 1346 756 1421 operi
777 1346 898 1422 agmina
918 1345 1050 1405 laudum.
1077 1362 1080 1365 ’

427 1511 558 1586 Apollini
578 1514 717 1587 suffimen,
740 1530 856 1571 maana.
1058 1515 1098 1574 33

187 1594 305 1653 Februe
330 1602 360 1651 te
379 1596 503 1653 Iuturne
523 1616 643 1673 precor,
662 1597 822 1671 Titulcida,
841 1598 990 1673 Luperca,

189 1679 217 1739 0
238 1679 415 1755 Memphite,
435 1682 575 1754 verende,
598 1683 744 1753 salutifer,
765 1683 845 1741 altor
865 1684 1027 1758 honorum,

189 1764 217 1825 O
240 1764 360 1837 fidicen,
385 1764 518 1825 Cousive
538 1784 658 1841 parens,
682 1766 802 1839 Titane,
826 1766 966 1845 Segeste,

188 1847 359 1909 Soriculate
379 1859 474 1926 pater,
496 1851 651 1923 Vaticana,
673 1852 867 1924 *excetricida

186 1934 320 2006 Lucifer,
340 1935 482 2012 agrestis,
503 1954 557 1992 rex
576 1936 718 2007 mustule,
737 1932 841 1993 nobili’
863 1936 971 2011 pubes,

186 2018 327 2091 Praesul,
348 2018 586 2094 Oesmcenisque
608 2020 766 2097 sagittifer,
791 2020 1033 2097 arcitenensque,

186 2104 299 2163 Bruma
322 2113 418 2179 pater,
440 2105 678 2180 collimatnrque,
703 2106 827 2179 obstite,
848 2105 986 2183 gemelle,

186 2188 280 2249 Delie
300 2209 367 2262 rex,
389 2190 440 2264 qui
463 2191 611 2248 illustrem
633 2191 729 2248 aciem
748 2191 807 2248 huc
824 2190 946 2267 partiris
965 2197 998 2247 ut
1015 2190 1099 2263 illuc,

186 2275 358 2349 Auricome,
380 2275 497 2353 integra
518 2283 676 2352 praecepta
696 2283 784 2350 atque
803 2276 925 2335 oracula
945 2275 1060 2336 fatens:

185 2360 249 2419 Pro
271 2360 386 2437 populo
410 2369 545 2420 orantem
567 2381 616 2422 ure
639 2357 757 2419 coelitu’
776 2362 843 2421 vise
861 2380 1038 2438 parumperr

186 2443 268 2504 Nam
290 2465 394 2504 susum
418 2447 530 2522 aspicis
552 2446 747 2504 immoderata
768 2448 842 2504 haec
863 2465 993 2521 aequora
1010 2446 1100 2520 caeli,

186 2531 227 2591 Et
249 2550 359 2606 supera
381 2539 474 2590 terras
496 2539 526 2589 et
545 2539 664 2590 noctem
686 2533 790 2590 subter
812 2549 948 2608 opacam,

187 2615 286 2674 Nocte
308 2615 428 2689 silente,
453 2618 508 2676 sub
532 2617 655 2676 umbrae
675 2617 919 2693 signitenentibu'
940 2616 1078 2676 dammis.

187 2700 320 2759 Radices
345 2702 476 2760 statuisti
498 2702 591 2760 infra:
613 2702 728 2777 tibique
748 2702 859 2759 extima
878 2702 982 2759 mundi

186 2787 228 2844 ut
248 2785 304 2843 tibi
325 2786 516 2864 principium,
537 2787 594 2845 tihi
615 2786 744 2860 solvitur
765 2787 864 2845 exitus
886 2787 1000 2846 omnis:

187 2869 393 2943 Omnivirens,
416 2872 525 2930 fidibus
548 2879 580 2929 tu
601 2871 718 2930 coelica
738 2872 851 2948 templa
872 2873 992 2932 cannris

186 2955 419 3015 Permoderaris
441 2956 480 3014 ad
501 2957 580 3014 imae
601 2975 681 3014 nunc
703 2957 834 3015 confinia
854 2957 948 3029 sedis,

186 3039 279 3100 Nunc
293 3041 331 3098 ad
342 3042 470 3118 primam
485 3042 603 3114 iterum,
615 3060 695 3099 nnuc
709 3042 748 3098 ad
765 3042 969 3101 modulamina
979 3041 1078 3100 Dorii.

188 3124 312 3185 Ocelum
335 3145 454 3185 omnem
477 3127 606 3198 varians,
631 3127 731 3187 varias
754 3127 917 3186 animantia
939 3125 1033 3198 secla,

188 3210 360 3287 Temperiis
382 3212 537 3270 huminum
557 3211 726 3286 modernus,
746 3214 885 3288 aequalia
905 3212 977 3283 fan,

187 3296 379 3355 Tantundem
401 3297 532 3356 miscens
555 3297 724 3373 hiemisque
748 3306 838 3374 atque
851 3296 965 3354 aestuis
977 3293 1098 3368 iisdem,

187 3381 376 3441 Discernens
399 3383 505 3459 primis
528 3383 668 3456 hiemem,
689 3383 882 3442 inferioribus
903 3386 1017 3452 eastun,

187 3470 230 3525 At
254 3467 334 3526 veris
357 3469 434 3544 grati
458 3469 591 3544 speciem
609 3468 808 3526 modulamine
829 3465 927 3524 Dorii.

187 3551 278 3612 Unde
300 3553 437 3612 homines
455 3553 506 3610 ted
525 3554 684 3631 indigitant
702 3551 880 3629 cognomine
898 3567 972 3607 vera

187 3637 326 3696 Faunum
348 3638 545 3714 cornigerum,
573 3647 730 3700 ventorum
752 3636 842 3695 sibila
863 3634 1015 3692 hiantem:

190 3721 279 3796 Quod
300 3723 403 3800 magni
425 3724 524 3782 omnis
544 3723 639 3782 habes
660 3720 818 3799 signacula
838 3719 968 3777 daedala
985 3717 1098 3778 mund»

188 3807 259 3866 Huc
282 3808 374 3867 adeas
397 3809 468 3866 here
488 3801 658 3865 flaminibus
680 3826 737 3886 pro
760 3804 897 3885 supplice
916 3811 995 3865 veto.

831 3901 897 3962 25·
