2884 4650
395 703 424 759 A
441 701 591 761 desiderio
611 703 724 761 functio
743 704 828 763 nulla
847 712 960 781 potest.

353 784 441 859 Quod
463 787 489 847 si
509 788 627 847 iuridici
650 789 781 848 studium
803 798 834 848 te
853 790 986 847 muneris
1008 799 1099 864 arcet,
1367 853 1368 886 1

394 871 475 949 Ergo
497 879 549 936 tuo
570 874 672 933 nullus
694 884 818 951 pectore
835 875 931 933 fervet
950 876 1055 935 Amor.
1367 899 1368 956 l

352 953 458 1030 Qualis
480 960 588 1032 Amor,
607 960 634 1017 si
655 978 708 1018 vos
732 961 830 1018 undae
855 959 1028 1018 discrimine
1048 979 1144 1038 parvo
1367 965 1368 994 ³

394 1041 530 1101 Distinet
548 1063 567 1102 a
584 1051 686 1103 vestra
706 1045 823 1123 virgine
846 1052 928 1102 terra
947 1045 1076 1122 procul?
1160 1116 1165 1125 ι

351 1127 433 1186 Dum
454 1136 545 1201 natat,
567 1130 710 1203 ostendit,
734 1148 811 1205 quae
823 1129 882 1202 vis,
893 1130 1044 1203 Leander,
1056 1150 1196 1190 amorum
1208 1140 1269 1207 est,

393 1207 545 1271 Nocturni
567 1214 738 1289 impavidus
760 1234 893 1273 murmur
913 1214 951 1271 ad
972 1233 1063 1273 omne
1083 1216 1164 1275 freti.

352 1296 432 1371 Quin
455 1297 565 1357 adsunt
584 1299 650 1371 tibi,
664 1300 781 1373 Amice,
795 1307 886 1357 rates.
908 1299 1005 1376 Magis
1027 1320 1097 1378 ergo
1108 1302 1270 1361 Minervae

393 1382 540 1460 Invigilos
563 1384 683 1457 studiis,
706 1393 736 1443 et
754 1385 858 1443 Venus
880 1385 950 1460 ipsa
970 1385 1058 1443 iacet.

350 1466 456 1526 Pallas
474 1468 550 1540 iura,
574 1469 629 1526 sed
650 1469 777 1528 affectus
795 1471 900 1528 Venus
923 1470 1048 1529 obtinet.
1067 1470 1137 1530 Una

394 1551 523 1625 Palladi,
546 1552 593 1611 dio
614 1555 700 1626 mihi,
720 1555 788 1629 quis
809 1555 932 1627 serviat,
955 1562 986 1613 et
1004 1555 1138 1613 Venerii

352 1720 447 1796 ζ(78)
645 1716 786 1787 Ἠιθέοις
811 1717 961 1782 οὐκέστι.

350 1803 424 1863 Non
448 1812 550 1863 tantos
573 1807 686 1881 patitur
706 1809 847 1866 iuvenum
869 1816 976 1866 notura
995 1808 1128 1883 labores,

394 1891 533 1966 Quantos
556 1890 695 1952 imbelles
718 1912 789 1965 nos,
812 1893 959 1952 muliebre
978 1912 1077 1953 secus.

350 1975 503 2050 Aequales
526 1975 587 2035 illis
610 1977 731 2050 adsunt,
755 1997 903 2052 curaeque
925 1978 1048 2037 dolores

393 2060 548 2136 Intrepida
570 2064 660 2121 sociis
681 2064 815 2139 pandere
840 2082 913 2121 voce
933 2063 1013 2121 licet.
1255 2134 1259 2141 Ι

349 2143 417 2204 Nec
436 2147 557 2219 desunt,
580 2154 711 2205 mentem
734 2167 810 2223 quae
828 2156 967 2225 pascant,
990 2148 1123 2205 ludicra:
1140 2149 1227 2209 vicos

332 2304 334 2311 Ι
394 2229 625 2291 Concelebrant:
645 2234 779 2290 animum
799 2233 881 2309 picta
905 2233 1019 2292 tabella
1038 2234 1127 2309 capit.

349 2314 450 2376 Nobis
474 2336 530 2378 nec
552 2317 598 2376 fas
623 2327 670 2378 est
692 2318 772 2378 coeli
793 2338 930 2377 convexa
951 2319 1038 2377 tueri.

392 2403 533 2462 Inclusas
558 2404 636 2462 curis
659 2404 713 2463 sed
733 2405 842 2462 domus
861 2413 926 2462 atra
947 2405 1058 2479 coquit.

352 2569 447 2645 ζ(79)
629 2567 736 2651 Μηδὲν
762 2569 849 2652 ἄγαν,
876 2572 982 2655 σοφὸς.

348 2653 511 2715 Prudentis
534 2657 642 2716 scitum
658 2665 716 2730 est,
738 2657 789 2717 Ne
804 2657 876 2734 quid
891 2659 998 2730 nimis;
1018 2660 1077 2718 Ast
1090 2676 1147 2734 ego
1162 2657 1264 2717 festus
1369 2682 1370 2687 ¹

302 2813 304 2818 Ι
391 2740 563 2815 indueram,
586 2744 673 2819 quasi
696 2745 754 2817 sal,
775 2752 826 2802 aut
843 2744 917 2802 mihi
937 2744 1036 2802 forma
1052 2743 1139 2800 foret

349 2823 544 2884 Credideram
565 2829 666 2901 unius,
690 2847 788 2903 neque
811 2848 848 2887 ea
860 2837 907 2889 ast
925 2830 992 2888 sine
1008 2828 1125 2899 fraude,
1138 2825 1265 2904 puellae

391 2909 502 2968 Totam
523 2913 654 2970 animam
679 2914 712 2971 in
734 2915 873 2973 manibus
897 2933 1017 2990 semper
1038 2913 1150 2972 hebere
1171 2911 1264 2970 meis.

267 3071 269 3078 Ι
348 2993 445 3068 Haec,
468 2996 557 3071 quasi
578 2998 732 3072 poeniteat
753 3018 882 3072 morum,
905 3000 1044 3074 vitaeque
1064 2997 1190 3076 prioris,

390 3081 523 3140 Intumet
544 3081 621 3139 elato
643 3102 723 3140 vona
743 3085 912 3159 supercilio.

348 3165 400 3229 Sic
419 3165 504 3244 prius
520 3165 572 3224 ille
593 3167 694 3240 ferox,
716 3169 769 3228 ille
789 3189 909 3244 aereus,
931 3170 984 3228 ille
1003 3189 1061 3248 ego
1085 3167 1170 3227 tarde

392 3251 552 3324 Credulus,
575 3270 611 3310 ac
632 3259 761 3330 tangens
784 3262 876 3328 astra,
898 3263 1024 3334 repente
1045 3274 1109 3313 ruo.

347 3335 428 3396 Nam
447 3345 566 3396 vertere
587 3337 688 3397 vices:
714 3347 745 3396 et
763 3341 895 3416 supplex
917 3342 1033 3400 clamo:
1053 3339 1212 3399 Nocentes

389 3423 508 3482 Aetatis
531 3423 605 3482 vitio
626 3421 731 3501 (parce
750 3423 872 3502 Puella)
893 3445 1007 3486 sumus.

349 3589 443 3667 [(81)
605 3571 701 3672 lloiq'v
722 3590 765 3657 τὶς
784 3593 861 3673 πρὸς
879 3589 1006 3673 ἔρωτας.

347 3672 504 3748 Quodnam
525 3677 583 3735 iter
603 3677 729 3737 insistas
750 3678 781 3735 in
803 3678 980 3738 amoribus?
1003 3679 1083 3738 Ecce
1103 3685 1225 3754 petaces

390 3759 425 3818 In
447 3760 545 3822 triviis
567 3763 656 3822 luxus
681 3783 742 3823 nou
764 3763 879 3840 patiere
902 3765 1001 3839 lupae.
