2884 4650
734 494 885 589 Q—

356 662 471 725 Sucreti
489 671 602 737 castus,
625 664 745 741 palleus
766 664 880 725 oblivia
899 666 938 722 ab
958 664 1031 723 illis.

356 834 396 894 77
459 880 461 887 .
544 832 640 892 Dicae
661 836 797 893 Matutae
819 836 959 909 suffimen,
978 854 1094 894 manna.

295 986 298 993 ,
356 918 438 979 Cede
460 918 539 991 Dee,
560 919 701 997 aurigans
725 920 857 979 candens
878 916 1046 979 mortalibu’
1066 920 1182 991 lumen,

356 1004 455 1078 Clara,
477 1004 682 1081 pudorieolor,
700 1006 811 1064 mundo
833 1006 949 1063 Matuta
972 1005 1139 1083 refulgens,

354 1093 457 1151 Aurea
478 1090 663 1167 magnanimi
687 1088 791 1148 Titani
811 1091 916 1149 nuntia
938 1087 1032 1149 Solis:

354 1174 533 1235 Horriferae
554 1193 631 1250 quae
653 1175 744 1233 itiner
764 1175 958 1252 anfractuque
982 1175 1082 1233 noctis
1105 1195 1206 1253 opaea

354 1261 437 1320 Divo
457 1267 509 1319 tuo
532 1278 658 1318 revocas
678 1260 755 1319 initu
777 1261 833 1319 sub
855 1261 974 1320 viscera
991 1268 1107 1318 terrae:

354 1346 428 1404 Dux
449 1363 586 1421 operum,
609 1344 689 1402 vitae
709 1341 882 1404 mortalibu’
901 1345 963 1403 Dia
986 1344 1141 1417 ministra;

356 1432 482 1507 Quoque
502 1429 658 1487 hominum
680 1431 811 1508 gaudent
822 1430 991 1509 aegerrima
1009 1431 1103 1504 secla,
1115 1448 1173 1490 nec
1185 1430 1268 1489 ullus

356 1516 454 1593 Quem
475 1514 592 1591 fugisse
611 1522 681 1573 tuos
704 1516 752 1575 fas
777 1516 818 1575 sit
837 1515 1017 1592 polcerrima
1035 1516 1149 1589 voltus,

355 1599 484 1674 Quando
510 1599 596 1676 genis
619 1607 757 1679 exterges
782 1601 875 1659 otium
897 1600 1029 1659 amabile
1050 1602 1162 1667 somni.

355 1686 443 1744 Tunc
460 1684 592 1762 gaudent
610 1685 762 1758 homines,
785 1694 954 1763 serpentes,
976 1694 1077 1743 cetera
1095 1687 1192 1760 secla,

354 1768 601 1847 Quadrupedum,
609 1778 638 1828 et
650 1771 856 1845 volucrum‚et
871 1770 1075 1831 stabulentum
1087 1772 1120 1830 in
1133 1768 1268 1830 fluctibu’

960 1855 1064 1916 salsis.

353 1940 494 2017 Namque
517 1959 637 1999 omnem
659 1940 811 1998 excultum
835 1941 929 1999 donas
949 1937 1120 1999 mortalibu'
1144 1942 1268 2001 victum.

355 2024 418 2087 Sed
437 2033 470 2083 tu
491 2024 552 2083 Dia
573 2025 759 2085 antistitibus
781 2043 900 2084 sucrum
919 2027 1007 2085 iuher
1027 2045 1114 2104 auge.

356 2196 397 2255 78
579 2154 675 2253 Dicae
698 2196 800 2254 Iaritis
822 2197 963 2271 suffimen,
987 2206 1040 2255 tua.

356 2279 521 2359 caeligena
542 2280 600 2338 huo
622 2280 726 2340 Iuritis
748 2281 823 2341 ades
841 2280 973 2358 patrima
993 2281 1108 2360 virago,

354 2368 475 2426 Mustee
497 2367 660 2443 progenies
682 2365 813 2441 telluris,
836 2365 948 2435 Caesia
969 2367 1029 2440 dia,

354 2451 509 2511 Vaticines
529 2470 606 2527 quae
626 2451 724 2527 prime
742 2453 844 2528 aperis
864 2451 1036 2511 mortalibu'
1058 2458 1156 2513 sortes

355 2537 545 2615 Delphorum
563 2536 632 2596 Diis
654 2556 709 2612 pro
734 2536 852 2596 cortina
874 2537 997 2596 oracula
1018 2538 1134 2609 fatens3

354 2622 504 2681 Puticulis
527 2621 579 2680 ubi
601 2621 741 2682 Puteolis
764 2623 871 2700 regina
893 2623 1031 2681 cluebas:

354 2708 395 2767 Et
411 2707 531 2766 Februo
549 2707 633 2766 fundi
655 2707 777 2767 donasti
796 2716 903 2784 pectus
925 2708 1053 2765 habere:

355 2794 503 2870 Auguste,
525 2793 679 2869 speciosa,
700 2794 903 2868 verendaque,
923 2790 1121 2868 noetuvolga:

354 2877 460 2935 Prima
481 2877 592 2935 etenim
613 2878 689 2936 ritus
711 2879 865 2936 hominum
887 2896 983 2955 genus
1005 2875 1161 2948 edocuisti,

355 2961 523 3022 Nocturnis
549 2963 643 3021 sacris
663 2963 809 3021 Brumum
830 2963 960 3021 fanatica
982 2961 1113 3021 ovando.

355 3049 405 3108 Ex
426 3055 456 3106 te
479 3047 558 3106 enim
577 3055 739 3123 castusque
761 3048 862 3107 Deum
889 3048 1046 3122 cultusque
1069 3044 1206 3103 verendi.

356 3134 425 3192 Huc
446 3133 540 3206 adsis,
563 3133 631 3204 huc,
649 3130 742 3206 Diva,
765 3134 880 3193 faventi
900 3133 1023 3191 numine
1046 3129 1167 3204 blanda,

355 3218 404 3282 Ad
425 3219 527 3277 divina
545 3217 589 3275 tui
610 3217 784 3276 venerenda
809 3219 931 3278 silentia
953 3217 1042 3277 sacri.

357 3387 397 3446 79
612 3389 766 3464 Aquilonis
783 3389 926 3461 suffimen,
946 3399 999 3446 tae.

356 3471 525 3532 Horriieris
543 3473 647 3532 flabris
670 3481 873 3547 contorquens
896 3491 1030 3548 aequora
1049 3469 1139 3541 coeli,

313 3600 316 3607 -
356 3557 425 3618 Huc
445 3557 558 3634 Aquilo
581 3554 724 3636 glaciali’,
749 3557 923 3632 relinquens
946 3556 1091 3634 ninguido
1112 3554 1261 3613 Thracaet

361 3641 457 3706 Solve
476 3640 552 3702 Govi
575 3643 707 3719 subices,
728 3643 882 3721 nigrantes
902 3643 1025 3701 nubibu’
1046 3640 1131 3714 totis,

356 3725 494 3789 Flumine
512 3726 678 3790 discutiens
696 3734 900 3809 praegnantes
919 3727 1059 3788 imbribu’
1080 3725 1189 3799 nubes,

99 4081 792 4469 m
