2884 4650
553 539 700 633 *25—

86 736 87 744 *
172 692 288 768 Revisit
311 727 414 784 opere,
439 709 853 782 maribusquecommendat,

172 795 211 854 Ut
233 793 406 871 cognitores
429 793 489 851 sint
512 811 597 850 suam
616 793 711 858 vicem
733 793 862 851 illarum.

85 911 86 962 p
172 879 265 937 Istum
278 878 410 935 ‘modum
430 878 629 948 Moncaudus,
655 879 710 936 hos
733 878 824 937 habet
842 880 921 938 vitae

85 975 86 1036 ἶ
172 963 354 1021 Mancaudus
376 969 471 1034 astus,
496 963 557 1020 ista
577 962 637 1019 vita
658 962 831 1020 Moncaudi.

85 1061 86 1072 ¹
173 1047 254 1107 Gens
276 1048 445 1105 navitarum
468 1066 547 1104 vana
572 1047 795 1119 Lusitanorum,

129 1189 131 1196 ,
174 1133 251 1208 Quid
274 1151 330 1190 vos
353 1132 495 1206 parandis
519 1133 627 1208 opibus
647 1131 758 1190 inmori
777 1133 878 1210 cogit?
978 1149 981 1155 '

173 1217 361 1276 Moncaudus
384 1217 491 1275 horum
514 1217 557 1274 nil
581 1217 708 1292 paravit,
731 1225 761 1274 et
779 1218 861 1275 vivit.

257 1313 386 1377 Scriptum
403 1313 483 1361 Anno
501 1309 568 1362 1569
588 1312 760 1361 Moutalbani.

474 1450 521 1508 16.
565 1453 604 1507 In
626 1453 778 1524 quendam.

175 1535 238 1606 llle,
259 1553 337 1591 novo
361 1533 412 1610 qui
431 1542 460 1592 te
486 1535 618 1612 signavit
636 1536 759 1592 nomine
777 1534 905 1610 primus,

212 1619 301 1678 Unde
322 1617 524 1695 Pyraethonis
554 1619 605 1676 dat
628 1619 684 1676 tibi
706 1638 817 1677 nomen
839 1619 931 1694 equi?
992 1655 996 1662 ·

177 1701 245 1763 Sive
267 1722 364 1778 equus
384 1703 417 1762 in
442 1723 535 1764 sensu
560 1711 722 1780 spectetur,
746 1704 810 1762 sive
830 1703 1016 1779 Pyraethom

85 1849 95 1861 ,
216 1786 409 1847 Conveniens
431 1808 493 1848 non
515 1797 561 1847 est
581 1789 644 1860 ille,
663 1789 712 1852 vel
736 1788 799 1861 ille,
821 1789 885 1847 tibi.

85 1865 97 1908 l'
177 1873 271 1948 Quum
293 1880 376 1932 totus
399 1874 441 1932 sis
462 1893 538 1946 nox,
560 1874 682 1947 quinam
705 1882 790 1948 potes
805 1873 1081 1950 essePyraethont

215 1958 373 2033 Quumque
395 1959 511 2031 asinus,
533 1959 601 2033 quis
624 1966 655 2014 tc
676 1959 741 2014 iure
763 1957 879 2017 vocarit
900 1959 1028 2032 equum?

182 2111 225 2168 17.
269 2111 321 2167 Ad
342 2112 456 2166 acinam
480 2110 552 2168 Ocat'
573 2113 700 2185 praviter
720 2112 868 2168 rudentem
891 2112 922 2166 ia
942 2110 1016 2167 Bab.
1032 2111 1081 2168 Ti-

177 2199 240 2253 tiam
250 2197 387 2270 tepentem
401 2214 479 2264 orno,
493 2215 550 2270 pro
564 2214 642 2265 octo,
661 2197 691 2266 ip
704 2214 788 2252 aaran
806 2195 960 2269 Propertii,
974 2195 1019 2270 [5,
1028 2195 1081 2272 21]

265 2280 393 2357 Dipaior
414 2281 528 2355 obliquo
544 2283 647 2355 sunem
669 2283 719 2357 qai
741 2289 876 2355 torqueat
899 2279 986 2339 Ocno.

178 2362 206 2425 Si
226 2365 327 2424 Titius
349 2365 438 2437 tollit,
458 2366 508 2439 qui
534 2374 563 2422 te
586 2366 663 2423 bene
683 2372 825 2441 paverat,
843 2365 960 2425 Ocnum
967 2387 978 2436 3

215 2451 298 2528 Ergo
318 2457 402 2507 tuam
423 2450 521 2509 Titius
544 2459 651 2525 pascat
673 2450 768 2508 aselle
787 2451 908 2507 famem.

202 2612 244 2669 18.
293 2614 332 2668 Io
354 2606 521 2681 Rametam,
558 2613 607 2685 pai
634 2628 699 2667 tuoe
727 2618 826 2668 aucae
846 2629 904 2686 pro
936 2616 1062 2687 antiquio

203 2706 401 2773 supposuerat.
427 2694 732 2771 [Maret.opp.1775.
757 2694 884 2752 Scatad
893 2694 978 2753 Varr.
990 2698 1054 2773 1‚2]

178 2780 234 2855 Qui
253 2780 370 2857 rigidae
391 2782 528 2838 flammas
553 2788 698 2859 evaserat
711 2787 782 2837 ante
804 2780 971 2854 Tholoeae‚

203 2866 375 2937 -Rumetus,
396 2866 498 2923 fumos
520 2864 654 2923 vendidit
676 2863 728 2922 ille
747 2865 829 2922 mihi.

526 3020 537 3071 l
563 3060 570 3076 .
731 3060 738 3073 .

88 3090 89 3093 ¹
178 3104 321 3159 Arearum
339 3100 371 3158 in
392 3079 485 3159 fundo
508 3015 1003 3175 quieuiiiireuieeonditnvarus,

216 3185 350 3245 Abstulit
373 3186 548 3258 haecaliis,
572 3186 701 3263 denegat
721 3187 790 3262 ipse
812 3188 879 3245 sibi.

309 3418 310 3421 Ἴ
416 3346 466 3403 20.
509 3348 686 3423 Improbitaa
708 3348 844 3405 humana.

180 3428 303 3488 Caetera
325 3450 381 3489 nec
402 3451 506 3506 verum
526 3450 582 3489 nec
594 3432 649 3510 *fas
670 3431 836 3490 animantia
856 3437 982 3488 norunt:

218 3514 328 3574 Verum
350 3524 379 3574 et
401 3517 449 3575 fas
472 3536 551 3575 unns
574 3517 658 3575 novit
681 3526 716 3574 et.
733 3518 797 3576 odit
817 3517 919 3574 homo.

89 3734 90 3741 ,
436 3677 485 3734 21.
528 3678 660 3754 Depener
676 3678 821 3735 nobilitat.
941 3754 943 3758 7

89 3784 90 3789 ¹
179 3758 329 3821 Nobilitas
351 3769 398 3821 est
418 3770 503 3820 veste
524 3763 644 3839 quidem
665 3762 719 3819 tibi
740 3760 875 3825 discolor
895 3760 1034 3837 opleta,
1074 3762 1079 3771 '
