2884 4650
1550 544 1687 603 354·

563 715 666 769 840
701 714 996 773 Messoris
1024 721 1238 771 ’autem
1287 714 1495 770 secula
1538 714 1851 772 necabitur

698 802 1074 859 Exenterato
1118 798 1314 873 turpis
1360 818 1505 856 orca
1545 800 1798 870 viscere,

700 885 1001 944 Mustelae
1039 883 1314 941 alumnos
1358 885 1460 957 qui
1506 882 1952 941 caballimilites

703 968 1149 1030 Cervicimatris
1197 968 1551 1027 saxifrontis
1598 968 1854 1040 extudit,

703 1056 1121 1129 Hominesque
1168 1054 1391 1112 durans
1440 1061 1646 1113 suetus
1695 1073 1733 1110 a
1769 1054 2029 1130 vestigio

564 1137 668 1193 845
701 1142 994 1201 Formare
1041 1146 1269 1198 statuas
1313 1139 1624 1196 involucro
1661 1138 2001 1211 marmoriS‚

705 1226 911 1303 sagax
954 1226 1247 1283 tricaecae
1287 1222 1509 1281 lucifur
1550 1224 1879 1282 custodiae.

703 1312 949 1370 Videbit
991 1318 1164 1367 aestu
1202 1327 1354 1382 quae
1395 1309 1668 1385 rigantur
1711 1310 1941 1385 iugera,

701 1398 973 1473 Asbysta
1014 1393 1282 1465 flumina,
1322 1401 1501 1467 atque
1544 1394 1721 1452 humo
1765 1393 2142 1452 stertentium

706 1480 909 1540 Cubas
955 1479 1213 1548 olentes,
1260 1479 1725 1553 conquiniscens
1770 1478 2005 1538 bestiis.

568 1564 672 1617 850
709 1566 882 1641 Quae
924 1572 1134 1621 cuncta
1177 1564 1366 1621 obibit
1409 1574 1659 1639 propter
1697 1564 1982 1641 Argivum
2019 1564 2247 1640 lupam,

706 1649 1005 1708 Triviram
1051 1648 1315 1724 puellam
1355 1648 1944 1725 feminipuerperam.

703 1736 1116 1812 Iapygumque
1158 1734 1347 1791 adibit
1387 1754 1522 1791 erro
1571 1735 1922 1806 exercitum,

703 1821 1013 1894 Ponetque
1057 1820 1282 1877 donum
1318 1819 1533 1895 virgini
1579 1819 1908 1890 Feretriae‚

704 1905 921 1965 Ancile
967 1911 1196 1963 scutum
1243 1912 1302 1961 et
1339 1904 1609 1961 hirneam
1654 1905 2022 1976 Temesiam‚

569 1993 672 2046 855
710 1990 980 2067 Sponsae
1017 1990 1295 2048 nocentis
1341 2008 1721 2066 cernuosque
1768 1990 2043 2048 mulleos.

711 2075 992 2151 Sir-inque
1042 2074 1232 2132 adibit
1275 2083 1336 2132 et
1373 2075 1628 2133 Lacinia
1670 2076 1878 2147 ardua,

706 2162 780 2219 In
828 2161 1000 2236 queis
1050 2160 1300 2218 iuvenca
1343 2159 1642 2218 consitum
1689 2161 1990 2219 Feroniae

707 2247 880 2305 Deae
923 2247 1208 2303 Monetae
1255 2246 1642 2321 praeparabit
1682 2246 2008 2303 hortulum:

707 2333 788 2393 Et
829 2332 1072 2389 feminis
1116 2331 1219 2387 lex
1265 2349 1505 2406 semper
1547 2332 1849 2408 indigenis
1890 2332 2003 2389 erit

571 2414 675 2469 860
712 2416 993 2476 Cubitum
1039 2418 1342 2474 novenum
1387 2417 1532 2474 flere
1576 2417 1810 2474 tertium
1858 2416 2047 2474 Aeaci

708 2504 787 2561 Et
827 2501 1111 2574 Doridis,
1157 2501 1386 2558 fulmen
1432 2502 1617 2559 duelli
1659 2501 1882 2574 Martii,

709 2587 843 2645 Nec
876 2605 1098 2663 corpus
1141 2605 1288 2644 auro
1326 2586 1635 2662 perpolite
1668 2587 1957 2657 vinulam,

710 2671 844 2729 Nec
883 2673 1042 2737 ferre
1086 2672 1384 2730 membris·
1417 2673 1677 2729 delicata
1722 2672 1913 2749 pallia

714 2757 972 2817 Sandice
1011 2757 1222 2831 pictas,
1264 2757 1398 2815 ideo
1441 2758 1596 2831 quod
1638 2758 1810 2815 divae
1846 2757 1961 2813 dea

575 2843 680 2896 865
717 2842 943 2899 Terrae
987 2860 1268 2900 cacumen
1308 2852 1656 2901 muneratur
1685 2843 1926 2900 arduae.

712 2926 1064 3003 Pugilisque
1083 2927 1235 2984 tauri
1254 2928 1317 2984 in
1340 2926 1649 3003 Sospitam
1670 2927 2060 2985 certaminum
2099 2923 2483 2998 [inhospitum
2492 2922 2540 2997 ἓ]

710 3016 975 3071 Arenam
1019 3012 1227 3084 adibit,
1268 3031 1447 3086 quem
1488 3021 1652 3070 creat
1688 3011 1971 3071 Libentia

713 3098 1019 3170 Mancina‚
1063 3115 1325 3173 regnans
1374 3116 1513 3155 arce
1557 3099 1831 3175 Longuri
1878 3097 2060 3165 edita,

716 3183 1058 3244 Saturniam
1102 3180 1459 3254 falcemque,
1507 3181 1937 3256 Concheaeque
1984 3195 2171 3254 aquas

577 3275 680 3328 870
713 3269 1009 3340 VentanS‚
1052 3264 1507 3339 Gonusamque‚
1564 3277 1746 3344 atque
1792 3266 2074 3328 Sicanum
2112 3276 2414 3338 ‘aequm-a,

714 3354 794 3412 Et
841 3353 1067 3429 templa
1108 3350 1274 3408 crudi
1308 3350 1473 3427 pelle
1517 3353 1719 3411 vestiti
1756 3353 1905 3429 lupi,

718 3439 892 3513 Quae
929 3436 1230 3512 quondam
1273 3437 1551 3494 alumnus
1600 3436 1841 3496 Crethei
1892 3434 2211 3513 appellens
2262 3442 2461 3492 ratem

716 3523 868 3579 Cum
916 3535 1089 3599 gente
1137 3523 1565 3595 quinquaginta
1613 3535 1926 3579 nautarum
1972 3519 2191 3578 edidit:

720 3607 1109 3687 Minfsimquu
1157 3607 1305 3663 salsi
1349 3607 1481 3679 ripa,
1525 3611 1789 3663 servabit„
1829 3606 2010 3665 maris

580 3695 684 3747 fflz‘}
720 3687 791 3751 S
820 3713 908 3755 χι
956 3706 1108 3776 {kf-'³1
1266 3719 1293 3746 ,s-
1344 3707 1462 3755 uen
1505 3691 1693 3747 diluet
1737 3692 1994 3762 Venilia,

857 3790 860 3795 ’
1349 3771 1537 3835 'stan
1585 3779 1841 3851 ningues
1881 3777 2000 3835 diu.
