2884 4650
1240 541 1365 601 245

401 704 645 772 Πάντας
685 703 1040 789 φοβεῖσθαι,
1082 709 1259 768 πᾶσιν
1297 705 1364 773 ὃς
1403 706 1691 789 φοβερὸς,
1731 706 1954 790 χρεών.

402 788 672 855 Φειδοῦς
715 789 783 851 τὸ
827 787 988 850 λιτόν
1041 789 1197 852 ἐστιν
1249 789 1487 856 ἐνδείας
1530 788 1696 857 ἄκος.

391 874 732 956 Ἀρνητιῶν
781 873 1090 957 φειδωλὸς
1136 872 1308 957 εὗρεν
1350 874 1565 936 αἰτίαν.

398 956 678 1040 ῗΑρνεῖὲΥ
728 956 954 1041 ἑαυτῷ,
995 957 1351 1042 δυσπόριστ’
1395 956 1776 1039 αἰτούμενος.
1963 1029 1969 1035 ,

396 1040 795 1124 Ἀτοπήματ’·
836 1042 955 1103 αἰεὶ
1005 1041 1226 1124 μεγάλ’
1269 1041 1657 1104 ἀπιστεῖσθαι
1704 1043 1889 1126 φιλεῖ.

402 1125 513 1212 Τῷ
558 1127 853 1209 δυστυχεῖ
893 1127 1206 1209 κράτιστον
1248 1127 1584 1209 ἀπράγμων
1630 1127 1777 1212 βίος.

404 1208 605 1275 Οὐδὲν
646 1209 932 1294 ἀφελοίη,
975 1210 1134 1293 πλὴν
1184 1210 1332 1294 ὅπερ
1383 1209 1637 1286 ἔδωκεν,
1674 1210 1850 1294 τύχη.

403 1292 534 1358 Τοῦ
575 1299 682 1357 νοῦ
719 1318 755 1355 κ
799 1298 1084 1362 ατοῦντος
1124 1293 1347 1377 ὄμματ’
1395 1294 1515 1378 οὐχ
1561 1295 1917 1379 ἁμαρτάνοι.

401 1378 618 1463 Μηδὲν
664 1377 740 1439 σθ
778 1401 921 1454 νειν,
960 1376 1084 1440 ἔστι
1127 1378 1395 1442 θανόντα
1435 1383 1543 1462 ζῇν
1589 1378 1753 1443 τύδε.

404 1462 538 1528 Οὐκ
580 1462 733 1526 ἰ’διον
779 1464 934 1545 ἡγοῦ
970 1462 1037 1524 τό
1081 1486 1151 1546 γε
1193 1464 1471 1547 πεφυκὸς
1514 1463 1595 1546 μὴ
1642 1463 1862 1546 μένειν.

404 1545 484 1611 Τί
521 1547 758 1631 αἴσχιον
798 1547 1082 1630 γέροντος
1129 1547 1196 1616 ὃς
1236 1552 1345 1631 ζῇν
1395 1546 1471 1631 ἀρ
1520 1570 1683 1623 εται;

397 1629 506 1695 Ἔν
552 1632 919 1715 ἁψιμαχίαις
949 1632 998 1713 ἡ
1051 1633 1314 1716 ἀκρίβει’
1363 1633 1498 1695 ὀλισ
1545 1633 1695 1695 άνει.

406 1714 458 1779 Ω
507 1714 694 1800 ρῆγμ’
739 1716 1028 1790 ὕποπτον,
1073 1716 1186 1778 οὐκ
1231 1716 1520 1799 ἐρειπίοις
1565 1716 1763 1779 θάνοι.

407 1796 541 1863 Οὐκ
593 1798 855 1883 εὐτυχὴς
896 1798 1036 1861 ἔσθ’
1088 1800 1248 1869 ὅστις
1287 1801 1408 1885 οὐχ
1455 1801 1622 1884 αὑτῷ
1661 1803 1848 1864 δοκεῖ.

406 1881 541 1948 Οὐκ
584 1884 842 1965 ἀγαθὸν,
887 1882 1044 1947 εἶναι
1083 1888 1192 1947 τοῦ
1233 1889 1428 1947 κακοῦ
1478 1885 1752 1967 κρείττω,
1790 1888 1985 1949 καλῶ.

400 1965 767 2074 Ἐλάχιστον
817 1967 931 2031 οὐκ
977 1966 1112 2030 ἔσθ’
1159 1967 1308 2053 ὅπερ
1357 1967 1610 2031 ἔλαττον
1660 1968 1949 2032 ἀπλέτου.

407 2050 540 2117 Οὐκ
583 2074 709 2114 εστι
758 2052 832 2135 δή
885 2074 1012 2128 σον,
1059 2052 1203 2115 ὅσον
1243 2053 1485 2135 ἐποίησ’
1529 2052 1569 2133 ἡ
1603 2051 1780 2158 τύχη.

406 2134 494 2200 Τό
543 2159 640 2198 σοι
681 2137 1157 2217 δυσαγκάλιστον
1209 2136 1421 2205 ἐπίθες
1462 2138 1696 2220 μηδενι.

407 2218 607 2285 Οὐδὲν
650 2220 788 2302 μέγ’
842 2220 988 2299 ἐστὶ,
1029 2221 1186 2304 πλὴν
1234 2222 1611 2304 ἀμίσθωτον,
1658 2220 1866 2287 κακόν.

408 2302 609 2370 Οὐδὲν
651 2309 909 2368 τοσοῦτο
951 2304 1189 2390 κέρδος,
1231 2309 1316 2375 ὡς
1361 2305 1578 2390 φειδὼ,
1619 2304 1818 2370 πέλοι.

397 2390 773 2458 Ἀκινδύνως
815 2389 929 2452 οὐκ
966 2389 1091 2452 ἔστι
1128 2391 1427 2475 κινδύνου·
1453 2395 1715 2474 κρατεῖν.

408 2472 502 2539 Οὐ
554 2478 682 2543 τοῖς
726 2479 1024 2557 παροῦσιν
1073 2475 1243 2543 ἐλπὶς
1286 2476 1560 2558 ἀρκεῖται
1601 2476 1780 2558 κακή.

409 2557 545 2624 Οὐκ
587 2559 844 2643 ἀτρεμεῖ
878 2557 1026 2621 πόθ’
1074 2561 1112 2642 ἡ
1160 2560 1502 2642 συνείδησις
1539 2560 1717 2642 κακή.

407 2642 797 2728 Πειθαρχίας
831 2644 898 2707 τὸ
939 2646 1125 2711 κῦδος
1172 2644 1407 2706 ἰσοῦται
1448 2645 1672 2726 κράτει.

407 2725 619 2811 Μέρος
657 2729 926 2837 χάριτος,
974 2729 1240 2791 αἰτοῦσιν
1289 2727 1611 2811 ἀρνεῖσθαι
1646 2729 1821 2813 ταχύ.

407 2810 568 2895 Νικᾷ
617 2812 680 2875 δί
749 2809 934 2875 ιιιίῶν>
979 2813 1017 2895 ἡ
1063 2813 1495 2897 φιλοικτίρμων
1542 2812 1738 2896 φύσις.

407 2893 629 2982 Κίμβιξ
673 2896 899 2981 ἀφῆλιξ
947 2897 1178 2980 μακρὸν
1222 2897 1293 2959 οὐ
1345 2898 1655 2983 βιώσεται.

408 2977 710 3064 Καθαρὰς
747 2981 814 3043 τὸ
862 2980 1034 3043 θεῖον
1079 2984 1313 3065 χεῖρας,
1358 2980 1430 3043 οὐ
1476 2982 1730 3065 πλήρεις
1770 2985 2003 3046 σκοπεῖ.

395 3059 541 3128 ‘¹00’
587 3065 712 3127 ἐστὶ
755 3065 1160 3148 μεταμελητέ’
1213 3066 1274 3128 ἐν
1323 3070 1542 3150 μακρῷ
1586 3066 1736 3153 βίῳῐ

405 3147 518 3216 Ὡς
559 3148 756 3212 οἶκτον
799 3151 958 3212 αἰτεῖ
995 3151 1076 3233 μή
1118 3149 1258 3212 ποτ’
1291 3150 1556 3219 οἰκτίσας
1597 3152 1824 3236 πάροςί

414 3229 637 3301 Οὐδεὶς
669 3235 729 3296 τί
767 3234 1023 3297 δύναταί
1058 3234 1119 3316 γ’
1166 3233 1318 3309 οἶδε,
1359 3235 1517 3318 πλὴν
1562 3238 1779 3317 πεῖραν
1833 3235 2074 3318 λαβώνῑ

395 3313 514 3378 Ὧν
559 3317 770 3402 πρᾶξις
816 3317 1062 3402 αἰσχρὰ,
1110 3319 1190 3401 μὴ
1239 3319 1408 3382 δόκει
1454 3316 1591 3383 τάδ’
1632 3319 1925 3400 εὔστομα.

406 3398 516 3470 Ὡς
554 3403 871 3486 προπετὲς,
917 3403 1035 3465 ἅπε
1121 3402 1232 3466 οὐκ
1277 3402 1473 3480 οἶδας,
1519 3403 1759 3467 ἀθετεῖν
1803 3401 2036 3483 ἄκριτα.

398 3482 481 3550 “O
524 3486 763 3564 ποθεῖς,
807 3485 975 3572 ἔχοις
1015 3427 1109 3565 ἀρν,
1151 3489 1226 3571 ἣν
1268 3487 1335 3550 τύ
1373 3487 1432 3570 γ’
1480 3486 1737 3571 ἀρκέσον
1779 3484 2001 3569 ποθῇς.

407 3569 540 3634 Ἀεὶ
589 3571 889 3658 φοβηθεὶς
931 3572 1197 3656 κρίνεται
1237 3570 1389 3635 καθ’
1437 3571 1697 3655 ἡμέραν.

412 3654 544 3718 Ἀεὶ
582 3658 808 3720 κακίων
853 3657 891 3739 ἡ
939 3655 1200 3720 ἐπιοῦσα
1239 3660 1346 3740 τῆς
1385 3658 1639 3738 προτοῦ.

415 3736 491 3802 Εἰ
533 3738 609 3801 τὰ
650 3741 786 3804 κάκ’
837 3742 970 3804 ὁνεῖ
1004 3742 1094 3818 σὲ,
1138 3741 1523 3824 πλημμελεῖς
1561 3741 1753 3801 ποιῶν
1802 3739 1980 3803 καλά.
