2884 4650
459 712 497 779 El
517 718 568 779 καὶ
591 716 749 801 τηλοτέρω
769 715 904 799 Μερόης.
1032 721 1129 805 ζ(57)

217 804 265 863 Tu
286 804 357 861 licet
376 803 504 863 ulterius
525 806 650 864 Meroen
673 806 804 884 vestigia
822 806 913 882 figas:

258 889 335 946 Illuc
355 889 513 967 pinnigero
534 897 638 950 vectus
660 893 775 949 Amore
796 893 885 949 ferar.

217 974 325 1049 Tuque
346 982 433 1050 petas
458 984 554 1047 ortus,
572 994 649 1051 quos
673 976 819 1035 concolor
836 976 932 1035 inlicit
953 976 1027 1049 Eos,

258 1059 430 1118 Immodicis
452 1060 557 1135 spatiis
581 1060 631 1119 vel
649 1061 745 1137 pedes
766 1079 863 1135 usque
882 1080 1002 1136 sequar.

215 1142 283 1203 Nec
304 1144 404 1205 minus
427 1145 497 1219 hou
516 1146 598 1219 quod
624 1146 671 1217 do,
693 1146 781 1205 nobis
803 1145 925 1222 placare
947 1146 1063 1205 marino

225 1278 228 1285 .
258 1230 400 1288 Munere:
422 1249 554 1307 namque
577 1232 632 1289 tibi
654 1233 709 1289 hoo
729 1232 789 1289 fert
812 1232 916 1291 Venus
935 1239 1000 1289 orta
1018 1232 1109 1289 mariz

215 1312 300 1387 Quae
321 1315 441 1386 abiecit,
464 1333 658 1390 quaecunque
679 1316 737 1374 fuit
757 1316 867 1374 fiducia
889 1318 1020 1376 formae:

258 1402 358 1475 Atque
379 1401 479 1459 nitore
498 1408 549 1459 tuo
572 1402 623 1459 dat
644 1402 700 1460 tibi
721 1401 801 1461 victa
822 1421 942 1461 manus.

447 1561 656 1649 .’.Οφθαλμοὶ,
677 1566 730 1630 τέο
755 1565 870 1650 μέχρις.
1034 1570 1128 1650 ζ(58)

216 1654 293 1729 Quis
315 1654 432 1726 modus,
455 1674 473 1713 o
497 1655 588 1728 oculi,
611 1656 740 1714 ducendi
762 1663 867 1713 nectar
886 1657 1032 1714 Amorum

259 1738 335 1798 Cum
355 1740 472 1797 formae
493 1740 559 1799 sitis
587 1749 634 1799 est
655 1742 738 1800 ebria
757 1742 833 1800 flore
854 1741 962 1799 mero?

214 1824 264 1885 Ah
275 1824 384 1901 procul
394 1824 528 1901 aufugite
540 1826 610 1889 hinc
619 1834 763 1907 quantum
774 1834 856 1902 pote.
866 1824 992 1901 Cypridi
1004 1834 1127 1886 sanctas

258 1908 438 1983 Tranquillo
459 1910 569 1969 faciam
591 1911 691 1969 sobria
712 1929 801 1969 sacra
819 1912 905 1967 mari.

215 1994 270 2058 Sin
287 1994 350 2051 illic
371 1995 453 2051 furor
471 1995 509 2067 is,
534 1996 560 2053 si
581 2014 630 2052 me
651 1996 780 2053 furoris
804 2003 906 2051 manet
926 1993 1000 2067 illic,

257 2079 442 2156 Perpetuum
462 2080 575 2137 madidi
595 2080 715 2139 fletibus
738 2087 802 2139 este
821 2079 910 2152 meis,

215 2164 377 2244 Solventss
398 2182 516 2241 poenas
536 2166 642 2223 merito
662 2185 717 2241 pro
739 2165 874 2237 crimine,
900 2164 1022 2241 quando

259 2250 308 2310 Ob
328 2268 383 2308 vos
403 2250 435 2306 in
458 2257 573 2307 tantum
595 2252 743 2309 crevimus
762 2250 841 2328 ignis
862 2268 949 2327 opus.

482 2414 667 2499 ‘lnnqps'rqr
691 2415 854 2500 φιλέουσα.
1033 2418 1128 2497 (me)

196 2530 198 2534 ¹
214 2504 441 2581 Hippomenem
457 2505 615 2564 ardebam:
631 2507 663 2563 in
675 2513 812 2566 tenerum
828 2514 914 2563 meus
926 2505 1128 2565 versaLean-

873 2589 959 2648 urum
980 2598 1036 2649 est.

257 2674 295 2732 ln
313 2673 408 2732 labris
431 2674 559 2732 haerens
579 2676 654 2746 fixa,
675 2674 827 2748 Leandre,
852 2675 924 2746 tuis,

214 2761 372 2819 Xanthum
384 2767 484 2817 mente
498 2778 581 2837 gero.
604 2761 760 2820 Xanthum
776 2761 937 2837 complexa
947 2759 1128 2834 fovensque,

133 2915 137 2930 Ι
257 2844 479 2920 Hippomenem
499 2844 603 2902 reduci
625 2845 746 2922 perdita
767 2845 858 2903 corde
878 2852 960 2921 peto.

214 2929 414 2988 Praesentem
436 2929 526 3007 fugio.
552 2927 604 2990 Sic
624 2930 807 2988 alternantia
828 2949 949 3008 semper

193 3053 196 3061 ·
257 3018 357 3089 Atque
377 3013 470 3074 alium
492 3024 581 3091 atque
603 3015 695 3073 alium
717 3017 842 3074 brachia
862 3022 969 3075 nostra
988 3015 1086 3077 vuum

215 3098 319 3158 Ditem
331 3099 449 3158 inhiant
459 3100 619 3158 Venerem.
636 3099 722 3174 Quod
734 3101 762 3160 si
772 3121 832 3176 qua
843 3101 918 3160 mihi
928 3098 1127 3168 obiicitillud‚

257 3184 393 3244 Haereat
414 3186 490 3244 hacc
512 3187 565 3243 uni
585 3205 702 3263 pauper
724 3187 875 3264 inopsque
899 3187 975 3246 viro.

537 3348 580 3414 Τὸ
605 3349 702 3433 στόμα
721 3355 796 3420 ταῖς.
1032 3352 1127 3428 ζ(60)

216 3440 262 3501 Os
286 3437 442 3498 Chariturn
461 3440 625 3512 illecebris,
645 3447 676 3498 at
697 3440 829 3499 frontem
852 3438 978 3498 floribus
1002 3457 1105 3498 ornas.

257 3526 418 3584 Exornant
438 3525 575 3585 Veneres
595 3525 721 3598 lumina,
745 3525 859 3599 plectra
880 3541 1011 3582 manum.

214 3610 378 3670 Praedaris
400 3611 485 3672 visus
508 3611 618 3684 oculis,
638 3609 813 3668 accentibus
834 3626 938 3679 aures3
1006 3617 1011 3627 “

257 3695 394 3754 Venatur
412 3696 538 3756 iuvenes
560 3713 641 3773 pars
654 3703 865 3770 quotacunque
884 3694 950 3752 tui?
