2884 4650
577 527 729 624 —1-41-

191 687 285 759 Ἑνδς
304 687 456 774 χανόντος
476 690 527 773 δῆ,
549 691 662 776 κέχηνε
682 692 822 777 χάτερος.

194 774 407 860 Ἐξηπάτησεν
426 775 447 857 ἡ
467 775 565 860 χάραξ
589 777 642 859 τῆν
666 776 815 860 ἄμπελον.

191 859 275 930 Ἔξω
300 860 409 944 βλέπει
426 859 465 922 τὰ
483 860 586 922 πολλὰ
609 861 683 945 βοῦς
704 861 873 944 ἀλλότριος.

190 943 298 1010 Ἔοικε
318 948 412 1007 τοῖσιν
434 943 468 1006 ἐκ
491 943 596 1007 Πύλου
617 944 816 1012 Λακωνικοῖς.
954 985 956 990 ·

195 1028 265 1094 Ἐπί
284 1034 325 1111 τῇ
351 1030 490 1112 μαχαίρᾳ
510 1033 626 1112 μεῖζον,
653 1030 673 1112 ῆ
696 1028 830 1112 Πηλεὺς,
853 1031 969 1112 φρονεῖ.

193 1112 417 1197 Ἐπιφυλλιθες
436 1113 523 1176 ταῦτ’
546 1111 611 1177 ἔστι
631 1115 683 1178 καὶ
707 1113 925 1196 στωμύλματα.

193 1196 325 1280 Έπτηί’
342 1197 482 1281 ἀλέκτωρ
504 1199 547 1267 ὥς
568 1221 621 1275 τις,
646 1199 784 1266 ἐκκλίνας
804 1195 924 1281 πτερύν.

193 1280 288 1367 Ἐρᾷν
311 1282 347 1344 δὲ
368 1285 511 1365 φανερῶς
530 1285 656 1347 κάλλιον
678 1287 733 1346 τοῦ
755 1283 900 1366 λαθρίως.

195 1363 302 1449 Ἐρδοι
323 1389 367 1434 τις
388 1367 425 1449 ῆν
447 1367 575 1435 ἕκαστος
597 1368 693 1450 εἰδείη
714 1366 834 1452 τέχνην.

197 1448 439 1535 Ἐρεσχελούσιν
462 1452 493 1513 αί
514 1455 649 1536 κορῶναι
671 1451 771 1514 ἀετύν.

191 1531 347 1618 Ἕστηκας
370 1535 460 1598 εἰκὼν
486 1536 520 1599 ἐκ
542 1541 664 1620 γραφῆς
685 1536 718 1598 ἓν
742 1532 837 1620 σχῆμ’
864 1531 956 1618 ἔχων.

193 1617 280 1682 Ἔστι
301 1618 334 1681 δ’
360 1620 476 1704 ἀνάγκη
498 1620 596 1705 χρῆμ’
620 1620 815 1704 άμαχονκαὶ
835 1623 899 1685 τοῖς
916 1618 1011 1687 θεοῖς.

194 1701 279 1766 Ἔστι
303 1704 388 1787 δίκης
408 1705 581 1787 ὀφθαλμὸς,
604 1705 686 1774 ὅστις
704 1705 801 1766 πάνθ’
830 1700 898 1786 ὁρᾷ.

194 1785 295 1851 Ἔστω
316 1789 352 1849 δὲ
370 1789 491 1871 ταμίας,
506 1788 605 1852 τᾶλλα
628 1791 660 1852 δ’
683 1791 711 1852 εἰ
733 1789 850 1872 βούλει,
869 1789 961 1850 κύων.

199 1868 243 1935 Εύ
266 1873 409 1956 κείμενον
433 1873 468 1936 δὲ
489 1875 522 1936 τδ
543 1875 636 1937 κακὸν
659 1874 695 1936 οὐ
716 1871 865 1954 κινητέον.

199 1953 243 2020 Εὖ
266 1957 362 2034 οἶδεν,
385 1957 483 2042 ἅσπερ
506 1955 629 2042 ἔφυγεν,
645 1955 804 2041 Εὐκράτης
827 1954 928 2022 ὁδούς.

199 2037 500 2126 Εύμεταβολιύτερος
518 2042 745 2127 χαμαιλέοντος
768 2041 805 2124 εί.

199 2121 304 2189 Εὔνοι’
329 2124 456 2211 ἄκαιρος
477 2127 568 2190 οὐδὲν
591 2126 650 2212 ἔχθ
671 2149 707 2194 ας
730 2124 881 2210 διαφέρει.

197 2207 273 2295 Ἐφ’
295 2211 388 2273 αύτδν
409 2211 521 2291 ἕλκων,
542 2214 623 2275 ὥστε
647 2150 779 2278 θίαικίας
801 2209 906 2292 νέφος.

197 2291 272 2380 Ἐφ’
294 2295 385 2358 αὑτὸν
410 2296 520 2374 ἕλκων,
542 2298 622 2361 ὥστε
644 2295 798 2379 Μαγνῆτις
820 2292 915 2361 λίθος.

197 2376 344 2465 Ἐχθροῖς
364 2382 507 2445 ἀποστῶν
531 2381 645 2464 μήποτ>
667 2382 702 2445 ἂν
727 2380 839 2447 πάθοις
864 2378 990 2462 βλάβην.

198 2462 300 2547 Ζῆλος
319 2468 461 2548 γυναικὸς
477 2467 575 2529 πάντα
595 2470 751 2550 πυρπολεῖ
770 2464 876 2546 δύμον.

198 2547 305 2631 Ζητῶν
326 2550 383 2633 γὰρ
406 2549 483 2635 ὄψον
506 2551 666 2633 θοιμάτιον
689 2553 848 2613 ἀπώλεσα.

198 2631 309 2717 Ζῶμεν
332 2635 401 2719 γὰρ,
425 2635 485 2719 ούχ
501 2616 544 2705 ιύς
565 2636 712 2719 θέλομεν,
744 2634 811 2698 ἀλλ’
834 2636 876 2701 ὡς
899 2633 1068 2717 δυνάμεθα.

198 2715 288 2788 Ζωδς
306 2723 420 2803 γενῆση
445 2721 606 2805 κρομμύου
630 2720 722 2803 μόνον
745 2720 860 2803 λαβών.

196 2800 235 2866 Ἡ
258 2802 350 2885 ἄγνος
368 2804 467 2883 ἀνθεῖ,
487 2807 539 2868 καὶ
559 2808 575 2869 ὁ
597 2804 705 2888 βότρυς
725 2803 914 2867 πεπαίνεται.

190 2884 233 2950 Ἢ
257 2888 309 2950 δεῖ
324 2890 466 2973 χελώνης
483 2888 559 2972 κρέα
585 2894 704 2974 φαγεῖν,
728 2890 747 2971 ῆ
772 2888 812 2971 μῆ
837 2891 955 2972 φαγεῖν.

195 2969 234 3035 Ἡ
255 2974 371 3054 γλῶττ’
395 2974 616 3057 ἁμαρτάνουσα
638 2975 758 3057 τάληθῆ
781 2972 873 3054 λέγει.

191 3053 233 3119 Ἢ
257 3061 312 3140 ζῆν
333 3057 469 3135 ἀλύπως,
490 3059 510 3140 ἢ
535 3059 639 3121 θανεῖν
663 3057 865 3141 εὐδαιμόνως.

195 3139 235 3205 Ἡ
253 3142 359 3204 κοιλία
382 3143 416 3205 δὲ
439 3142 542 3206 πολλὰ
560 3148 662 3252 χωρεῖ
679 3144 804 3224 κώλίγα.

193 3224 234 3291 ‘H
258 3227 312 3310 μὲν
332 3226 406 3296 θεὸς
429 3227 570 3311 ὑπέβαλλ
602 3228 682 3310 ἐμοὶ,
699 3229 826 3311 ῆρπασα
848 3228 876 3289 δ’
901 3226 971 3308 ἐγώ.

191 3308 234 3375 Ἢ
256 3309 346 3372 πέντε
370 3312 476 3386 πίνειν,
499 3313 518 3395 ῆ
540 3312 610 3396 τρί’,
630 3313 649 3395 ῆ
673 3313 715 3395 μὴ
736 3312 874 3395 τέτταρα.

196 3393 236 3458 Ἡ
257 3394 405 3499 πορφύρα
427 3396 512 3480 παρὰ
531 3396 693 3481 πορφύραν
718 3395 882 3479 διακριτέα.

194 3477 282 3542 Ἦτοι
302 3479 496 3564 τεθνηκεν,ῆ
523 3482 660 3544 διδάσκει
681 3482 855 3566 γράμματα.

191 3560 235 3626 Ἢ
253 3564 313 3648 χρὴ
334 3566 493 3649 τραγῳδᾷν
514 3567 638 3643 πάντας,
662 3568 682 3649 ῆ
706 3562 912 3649 μελαγχολᾷν.

194 3645 312 3715 Ἦθους
324 3650 488 3754 χαρακτήρ
508 3649 572 3714 ἐστι
591 3650 619 3713 τ’
643 3650 809 3733 ἀνθρώπου
830 3644 930 3729 λόγος.

193 3727 299 3796 Ἧκειν
322 3756 451 3817 εχοντας
473 3734 542 3796 σιτί)
562 3736 689 3818 ῆμεριῖιν
709 3733 810 3814 τριῶν.
