2884 4650
677 563 827 660 -1θ2-

296 736 497 805 ἘστιΠίλος
517 736 576 818 πρὸ
594 730 722 795 Πύλοιο.
746 728 850 795 Πύλος
863 748 897 809 γε
912 724 966 807 μὲν
985 722 1047 785 ἐστὶ
1057 720 1109 784 καὶ
1119 718 1210 803 άλλη.

294 824 442 907 Ἄβδηρα
462 819 541 903 καλὴ
565 815 667 900 Τηίων
688 813 824 878 ἀποικία.

296 907 479 993 Ἀλάβανδα
501 901 614 987 Καρῶν
642 899 713 963 είιτο
738 898 846 980 εστάτη
871 891 968 959 πόλις.
1020 926 1023 929 ·

301 995 418 1057 Δοῦναι
440 990 494 1073 μὲν
517 982 780 1067 εἰςἘπακτρεων,
807 981 912 1065 λαβεῖν
938 978 973 1040 δὲ
996 975 1048 1059 μή.

301 1075 356 1145 Εἰς
375 1076 485 1152 Φᾶσιν,
510 1070 586 1134 ἐνθὰ
606 1070 711 1131 ναυσὶν
736 1064 867 1151 ἔσχατος
890 1059 996 1129 πλόος.

301 1160 453 1245 Κόρινθος
476 1158 579 1241 ὀφροᾷ
599 1176 631 1215 τε
653 1153 704 1215 καὶ
727 1151 924 1213 κοιλαίνεται.

638 1237 721 1302 Ἀπὸ
743 1236 872 1319 ἀνδρῶν.

302 1329 439 1413 Αίσχρὸν
464 1326 592 1397 σιωπᾶν,
614 1320 789 1404 Ἰσοκράτην
814 1317 844 1381 δ’
870 1317 922 1400 ἐᾷν
946 1311 1055 1394 λέγειν.

303 1411 474 1495 Σοκαμίνον
497 1405 563 1470 ἔσθ’
589 1408 604 1470 ὁ
630 1406 752 1473 Σύλλας
772 1402 892 1487 ἀλφίτῳ
911 1395 1118 1478 πεπασμένον.

394 1498 442 1563 [cf.
463 1494 499 1550 A.
519 1492 620 1544 Schotti
637 1491 736 1559 οάαρία
755 1489 915 1541 Graecorum
931 1500 957 1551 p.
975 1480 1047 1547 580]

709 1584 811 1643 Ennii.

295 1670 339 1735 Ὦ
364 1669 444 1743 Τίτε,
467 1668 543 1731 εἴτι
566 1667 673 1752 βοηθῶ
696 1666 769 1748 ἐγὼ,
796 1660 957 1747 μελεδῶνά
979 1658 1010 1720 θ’
1032 1657 1166 1741 ὑφαιρῶ,

298 1752 343 1820 Ἥ
365 1754 394 1817 σ’
419 1754 493 1829 είίει,
514 1753 566 1832 καὶ
590 1752 696 1834 στήθει
718 1742 984 1835 ἐνιχριμ[φ]θεῖσα
1009 1738 1138 1817 θονεάει,

308 1838 409 1904 Τοΰδε
426 1839 456 1901 τί
477 1835 564 1901 ἔσται
584 1835 697 1900 ἄεθλον
705 1860 715 1911 ;
942 1831 1056 1908 [Cicero
1082 1828 1151 1887 Cato
1176 1824 1219 1901 1.]

308 1963 361 2035 Είς
382 1967 398 2051 β
421 1966 490 2033 άτος
510 1962 688 2110 άμρολίαισι
707 1963 741 2025 τὸ
764 1964 823 2023 πᾶν
845 1960 917 2042 ἡμῖν
942 1954 1109 2019 ἀνέσωσεν.

309 2048 356 2115 Οὐ
376 1989 434 2134 γάρ
463 2049 512 2131 ὅγ’
535 2072 550 2111 ε
574 2048 659 2130 σοίης
682 2043 861 2130 ψιθυριστάς
882 2041 1036 2126 προύθετο
1055 2036 1219 2121 θρὺλλοος.

308 2132 363 2222 Τῷ
383 2140 435 2198 νῦν
455 2132 548 2219 εὖχος
571 2132 620 2194 ἀεὶ
641 2130 670 2195 τ’
683 2130 795 2214 ἀνδρὸς
814 2128 898 2213 μάλα
919 2126 970 2191 καὶ
996 2125 1080 2207 μάλα
1099 2120 1219 2183 θάλλει.

347 2258 357 2285 ν
1004 2212 1131 2288 [Ibidem
1157 2205 1221 2281 10.]

306 2301 362 2373 Ὡς
385 2302 436 2366 ὅτε
461 2303 503 2370 τὶς
526 2301 646 2384 νίκησεν
667 2296 824 2382 Ὀλύμπια
847 2296 995 2362 πολλάκις
1016 2292 1117 2368 ἵππος,

310 2386 433 2451 Νίσσαν
455 2389 516 2471 πάρ
535 2387 687 2470 πυμάτην,
712 2386 728 2448 ὁ
752 2383 787 2446 δὲ
809 2381 941 2445 παίεται
963 2377 1191 2464 ἐσχατόγηρως.

1004 2467 1132 2543 [ωορκ
1159 2463 1222 2539 ιι]

311 2560 469 2636 sequentes
483 2561 576 2618 Ennii
586 2577 684 2617 οινοιιο
696 2559 850 2616 seeundum
859 2556 1060 2613 correctionem
1070 2549 1223 2626 Sealiqeri.

355 2645 424 2720 Quo
447 2646 533 2704 vobis
555 2652 683 2716 mentes,
705 2649 806 2707 rectae
827 2658 905 2716 quae
929 2646 1010 2698 stare
1033 2637 1171 2696 solebant

312 2731 461 2803 Antehac,
484 2730 639 2788 dementes
664 2748 733 2789 sese
760 2729 871 2786 flexere
893 2723 1011 2782 vietae?

302 2809 346 2874 Ὦ
371 2810 489 2894 ἄνδρες,
511 2815 572 2873 ποῦ
589 2816 640 2872 νῦν
664 2810 748 2912 ἄφαρ
771 2809 839 2891 ὑμῖν
863 2806 894 2868 αἱ
917 2807 951 2868 τὸ
973 2802 1121 2887 πάροιθεν

307 2893 433 2980 Ὄρθιαι
455 2893 576 2977 ἤμυσαν
596 2893 705 2978 φρένες
726 2893 861 2977 άφρονες
882 2891 1098 2962 ἐξατονοῦσαις

354 3023 453 3085 Nemo
473 3042 523 3081 me
541 3024 700 3082 lacrumeis
722 3024 853 3096 decoret,
873 3040 971 3099 neque
982 3021 1104 3079 Funera
1120 3015 1224 3074 θείοιο

397 3109 516 3179 Faeeit3
543 3127 613 3166 nam
634 3109 727 3166 volito
751 3103 827 3166 vivo‘
851 3127 904 3183 per
925 3125 979 3166 ore
1000 3105 1106 3163 virom.

356 3189 454 3274 Μήτις
475 3212 527 3273 μοι
548 3189 713 3271 ’νδακρίιοη
738 3191 778 3272 μή
805 3211 837 3250 τε
857 3188 1025 3272 θρηνήτρια
1046 3183 1155 3247 κλαίοι.

396 3276 536 3359 Ἀνδρῶν
558 3273 615 3357 γάρ
637 3272 770 3356 πέτομαι
793 3273 872 3344 ζωὸς
895 3272 953 3334 ἀνὰ
967 3271 1134 3354 στομάτων.
1156 3269 1226 3346 [73]

722 3444 821 3507 Statii.

358 3532 486 3610 Edepol,
512 3539 662 3603 senectus,
684 3531 712 3590 ei
734 3530 811 3588 nihil
832 3529 995 3606 quidquam
1018 3525 1100 3585 aliud
1121 3524 1188 3582 vitii

316 3620 471 3694 Apportes
493 3626 602 3691 tecum,
624 3634 711 3693 quom
738 3615 874 3688 advenis,
891 3633 982 3673 unum
1005 3613 1036 3670 id
1059 3617 1106 3670 sat
1130 3617 1192 3668 est:

317 3703 380 3763 Diu
399 3702 466 3777 quis
486 3703 615 3762 vivendo
636 3703 740 3776 multa,
763 3719 840 3776 quae
861 3720 923 3758 non
940 3699 1014 3770 volt,
1036 3695 1127 3755 videt.

353 3781 395 3846 Ὦ
413 3787 520 3867 γῆρας,
543 3786 570 3847 εἰ
590 3786 641 3847 καὶ
661 3783 789 3869 προσιὸν
815 3780 904 3845 οὐδὲν
928 3779 1004 3843 ἄλλο
1028 3778 1055 3840 τὶ
