2884 4650
710 489 861 584 Α

265 661 315 715 100
329 664 426 723 Pinus
447 673 569 720 tenaces
591 659 700 718 lubrici
718 661 825 719 dentes
844 659 925 731 freti,

331 748 469 810 Classem
490 745 644 821 expedibis
668 746 835 805 noviratcm
856 764 876 803 a
897 744 1068 817 iactatibus,

329 835 420 894 Etru
440 833 561 892 virosae
579 830 694 907 praedo
717 830 824 888 iuuicis
847 830 938 906 lupus

331 920 433 980 Orbae
457 919 581 976 duarum
598 916 659 973 iam
683 915 889 975 columbarum
908 913 985 990 pari,

331 1003 438 1064 Caesis
461 1001 639 1080 peregrinae
661 1001 693 1058 in
717 1000 880 1060 secundam
901 999 1075 1076 indaginem

265 1091 315 1144 105
332 1088 420 1150 Ultro
442 1086 602 1146 incidentis
624 1087 748 1161 aucupis
774 1105 892 1161 pennae
912 1084 994 1156 dolo,

330 1175 451 1250 Dapem
473 1170 677 1230 ambidentum
698 1190 795 1246 nuper
814 1171 847 1228 in
864 1169 1016 1244 crepidine

301 1317 302 1322 ,
331 1258 460 1318 Bacchis
480 1256 640 1315 cremantis
664 1262 753 1330 atque
775 1255 862 1314 divae
882 1256 1050 1325 Albuneae,

332 1343 442 1404 Curres
464 1360 556 1418 super
577 1339 746 1401 Scandeam
769 1348 799 1398 et
820 1360 906 1400 arces
927 1339 1039 1417 Aegili,

321 1431 467 1488 Venator
493 1445 562 1483 acer
579 1425 693 1501 praeda
716 1425 818 1500 opima
837 1427 1002 1504 ganniens:
1023 1486 1028 1492 ,

266 1516 316 1570 110
332 1513 527 1587 Explensque
543 1529 669 1580 ⁴amores
692 1511 723 1567 in
743 1511 896 1577 Draconis
918 1510 1018 1569 insula

332 1600 438 1669 Actae,
457 1596 592 1654 biformis
614 1595 686 1652 editi
706 1603 787 1653 terra
807 1597 927 1672 imperi,

332 1683 450 1740 Vanam
471 1680 601 1739 secundo
627 1700 689 1738 non
713 1680 830 1740 videbis
853 1682 1004 1752 Martiam,

332 1767 480 1827 Ulnarum
500 1766 621 1824 inanem
644 1765 806 1839 sarcinam,
829 1785 906 1842 eque
922 1766 1049 1824 somniis

331 1853 436 1911 Vacua
457 1859 557 1910 torum
579 1858 746 1909 nocturnus
767 1852 933 1929 explorans
956 1869 1056 1908 manu.

266 1944 316 1998 115
333 1936 414 1997 Nam
435 1946 465 1995 te
485 1936 674 2014 Phlegraeae
694 1937 756 1994 iam
781 1938 906 1995 maritus
930 1935 1067 2013 coniugis

334 2023 444 2082 Tristis
465 2021 615 2093 Torones,
638 2021 794 2081 abdicatur
813 2023 927 2081 ristmm

332 2110 372 2168 Et
391 2108 604 2179 lacrumarum,
624 2126 753 2180 namque
773 2108 881 2179 nescit,
904 2115 934 2164 et
955 2114 1036 2164 caret

333 2194 481 2269 Utroque,
503 2192 554 2266 qui
578 2191 651 2250 olim
673 2191 838 2250 littoralem
861 2212 900 2249 ex
920 2192 1050 2249 Thracis

332 2278 468 2338 Facundi
488 2277 651 2354 opimatam
673 2277 805 2337 Melonis
825 2278 965 2337 fluctibus
1011 2276 1013 2281 ’

266 2369 317 2424 110
335 2365 466 2423 Humum
488 2370 652 2439 penetrans
671 2382 734 2421 non
754 2364 840 2421 trabe
863 2364 1000 2422 stlataria

222 2492 226 2499 .
333 2448 521 2526 Inhospitale
544 2449 598 2507 sed
618 2450 685 2519 iter,
704 2455 738 2505 ut
758 2448 869 2506 cubilia

335 2534 449 2592 Terrae
472 2535 504 2591 in
526 2534 692 2610 profundos
714 2532 799 2610 talpa
820 2533 1005 2609 pertundens
1029 2550 1151 2609 specus,

335 2620 493 2694 Quaerens
517 2637 657 2677 recessus
680 2617 713 2675 in
735 2619 873 2678 cavernis
892 2637 1064 2693 aequorum,

335 2702 513 2779 (lavansque
537 2711 626 2763 natos
648 2703 821 2781 perduelles
845 2703 1006 2779 hospitum,

268 2797 317 2852 125
335 2790 375 2847 Et
393 2789 558 2848 audiendas
581 2789 756 2865 supplicans
779 2790 859 2865 patri
876 2807 982 2866 preces

332 2874 442 2934 Redux
463 2881 496 2931 ut
517 2874 575 2931 iret
598 2875 738 2950 patriam,
760 2875 840 2933 unde
864 2892 1012 2951 pervagus

333 2961 460 3018 Matrem
482 2958 635 3035 gigantum
659 2959 796 3018 adiverat
816 2960 1000 3018 Palleniam:

334 3044 409 3103 Tete
432 3042 482 3101 ille
505 3041 629 3101 Guneus
656 3054 797 3118 quaestor
817 3064 911 3103 urnae
933 3044 1071 3117 vindicis,

334 3129 459 3209 Sagacis
483 3128 652 3201 arbiterque
673 3126 756 3188 Solis
778 3130 859 3188 filiae

173 3264 182 3281 ,
267 3221 318 3275 130
335 3216 394 3275 His
414 3214 527 3292 nuptiis
547 3212 679 3290 privabit
696 3213 825 3273 incilans
846 3215 978 3290 probris,

333 3300 458 3359 Pellene
479 3301 516 3358 ab
538 3297 620 3357 omni
638 3297 703 3355 iure
728 3299 873 3373 prosedas
896 3299 996 3377 lupae.

295 3422 298 3439 .
334 3383 394 3457 Qui
416 3405 472 3444 nec
494 3385 571 3461 Lyci
592 3381 732 3460 sepulcra
750 3402 807 3441 nec
829 3382 1000 3443 Chimaerei
1051 3392 1055 3398 '

335 3468 535 3529 Oraculorum
557 3488 632 3529 voce
654 3477 833 3527 venerantes
855 3469 977 3542 timens,

334 3551 402 3611 Nec
422 3555 583 3615 illecebras
605 3552 727 3627 Anthei,
749 3572 806 3611 nec
827 3553 982 3630 hospitum

270 3647 318 3704 135
335 3638 457 3715 Dapum
478 3640 626 3714 sodalem,
646 3639 741 3697 filium
767 3636 873 3711 Consi,
893 3639 999 3712 salem,

336 3722 435 3783 Debm
458 3724 554 3784 tulisti
575 3725 727 3785 transilire
749 3724 898 3802 sagmina,

106 3970 969 4381 ff]
