2884 4650
579 536 618 594 35

187 703 289 764 Genio
310 722 349 760 ex
371 702 529 760 barbarica
551 711 639 780 parta
658 704 804 779 trophaea
821 706 897 764 tulit.

148 789 245 848 Huius
270 796 302 845 tu
323 787 447 846 soboles
474 788 578 846 doctas
601 788 794 865 amplecteris
816 798 909 864 artes,

186 873 272 946 Quas
292 891 387 949 prope
406 872 563 949 depositas
585 874 691 932 ultima
711 874 776 930 fata
798 875 934 933 trabunt:

148 957 222 1018 Cum
245 966 311 1016 toto
335 957 441 1016 studiis
464 957 743 1016 intermorientibus
767 958 850 1031 orbe,

186 1043 353 1102 Barbaries
376 1043 449 1101 atris
474 1043 556 1102 celsa
576 1043 740 1119 triumphet
761 1045 856 1118 equis.

149 1127 178 1190 si
197 1129 336 1206 proavis,
359 1126 501 1200 Hennes,
523 1129 582 1186 tuis
605 1147 679 1205 gens
699 1128 828 1186 barbara
845 1129 948 1201 cessit,

187 1213 351 1272 Barbaries
375 1212 464 1270 debet
486 1213 592 1270 cedere
611 1213 690 1270 victa
714 1213 777 1271 tibi.

501 1381 550 1438 36.
597 1382 712 1438 Eidem.

149 1465 280 1524 Borboni
302 1464 440 1522 columen
464 1466 595 1541 generis,
618 1464 790 1522 cuiPallas
814 1465 959 1526 honestae

190 1555 280 1609 Artes
305 1550 356 1606 dat
376 1567 483 1624 puero,
505 1569 575 1608 mox
598 1550 680 1607 dabit
700 1568 784 1607 arma
804 1549 884 1622 viro;

149 1635 197 1693 Ne
219 1636 338 1706 mirere,
359 1634 414 1691 tibi
435 1635 461 1692 si
483 1655 538 1710 pro
564 1653 699 1692 sermone
719 1635 854 1711 pedestri

190 1720 336 1778 Mittimus
359 1719 525 1796 imparibus
544 1721 637 1778 verba
660 1721 755 1797 ligata
775 1720 884 1778 modis.

150 1805 267 1864 Blanda
288 1805 330 1863 tui
353 1804 511 1877 fecithoc,
537 1823 613 1879 quac
635 1824 689 1863 nos
711 1805 805 1875 fovet,
832 1824 905 1863 aura
926 1806 1057 1864 favoris:

97 1903 99 1909 ’
192 1891 280 1948 Hanc
300 1890 329 1946 in
354 1897 543 1948 mentemea
564 1890 690 1947 ventilat
709 1889 763 1947 illa
784 1889 892 1946 facem.

151 1976 227 2035 Nam
250 1975 322 2032 mibi
345 1976 446 2032 nescio
466 1966 539 2048 quis
559 1993 701 2032 recreans
721 1976 754 2031 in
774 1975 911 2034 carmina
932 1975 1013 2032 vires

191 2062 292 2119 Ardor
314 2060 463 2116 amicitiae
487 2061 581 2136 spirat
600 2061 637 2116 ab
660 2060 730 2136 igne
748 2067 835 2117 tuae:

151 2146 313 2223 Ignotoque
334 2145 423 2202 rudes
444 2153 615 2221 praetentet
634 2144 777 2221 Apolline
800 2163 919 2217 sensus,

192 2229 396 2305 Quaecunque
420 2230 493 2288 haec
518 2230 561 2288 uis
584 2239 641 2303 est,
663 2248 752 2304 quam
771 2238 841 2287 tuus
863 2230 949 2288 afflat
962 2248 1059 2289 amor.

152 2315 216 2375 Nec
238 2336 310 2376 vero
333 2321 463 2372 metuam
487 2335 524 2373 ne
546 2315 602 2375 sim
624 2316 690 2374 sine
713 2314 844 2373 carmine
866 2324 963 2388 vates,

191 2403 266 2478 Ipsa
284 2420 382 2459 meum
403 2401 497 2459 virtus
519 2420 587 2457 nam
609 2408 661 2458 tua
683 2419 803 2457 carmen
819 2400 883 2457 erit.

192 2571 241 2629 37.
291 2572 351 2628 Iac.
384 2570 514 2646 Anqusto
548 2571 684 2639 Tbuaoc,
715 2569 812 2626 Notas
838 2572 869 2626 io
900 2572 1015 2629 Novum

399 2656 607 2713 Testamentum
632 2656 815 2729 efflagitanti.

153 2741 178 2800 0
198 2742 304 2798 Musas
327 2748 357 2797 et
379 2758 436 2798 nos
456 2739 547 2816 parili
569 2739 748 2814 complexus
773 2757 887 2812 amore,

191 2827 347 2883 Musarum
371 2833 401 2882 et
421 2836 558 2883 nostrum
581 2824 678 2895 dulce,
701 2824 840 2895 Thoans,
864 2825 974 2895 decus;

151 2910 208 2968 Pro
229 2929 288 2986 quo
312 2929 369 2967 non
392 2910 523 2968 dubitem
546 2917 626 2967 totas
650 2928 687 2966 ex
709 2908 812 2966 ordine
834 2918 951 2982 noctes,

151 3021 154 3028 ¹
191 2994 342 3053 Noctibus
366 3004 396 3051 et
417 3003 495 3053 totos
519 2994 694 3053 continuare
718 2994 800 3064 dies3

152 3078 228 3152 Quid
251 3099 299 3137 me
322 3080 415 3138 divini
435 3080 502 3138 velo
525 3087 671 3137 summota
693 3078 806 3137 silentii

191 3166 284 3242 Legis
307 3165 504 3240 Apostolicae
526 3173 649 3241 tangere
673 3183 760 3221 sacra
778 3164 888 3221 iubes?

152 3251 227 3309 Ecce
250 3250 448 3326 profanorum
468 3250 602 3307 maculas
624 3249 748 3307 abolere
770 3256 925 3324 parantem
965 3282 968 3287 -

190 3335 359 3411 Impatiens
378 3336 442 3393 veri
464 3354 526 3394 uon
547 3334 615 3392 tulit
636 3334 759 3391 invidia.

153 3417 272 3479 Scilicet
293 3420 324 3477 in
348 3440 418 3478 vcro
441 3440 542 3477 verum
562 3420 712 3496 patienter
732 3419 885 3487 amabunt,

191 3504 250 3578 Qui
270 3524 373 3562 verum
389 3505 419 3562 in
439 3506 527 3583 nugis
550 3524 607 3562 non
630 3512 751 3580 potuere
773 3501 855 3584 potis

151 3589 274 3649 Illorum
295 3590 321 3647 si
343 3591 409 3647 luce
434 3609 489 3648 sua
509 3589 702 3666 praestringit
720 3585 834 3645 ocellos

192 3673 246 3735 Sol
268 3693 366 3747 meus,
384 3684 450 3733 uret
468 3693 521 3733 eos
546 3675 595 3733 sol
617 3692 702 3733 meus
724 3672 795 3749 igne
814 3688 879 3729 suo.

810 3852 854 3911 3.
