2884 4650
1199 503 1316 561 117

342 668 624 727 Laudare
669 669 946 745 quemvis
987 677 1053 727 ut
1091 671 1351 730 libenter
1392 673 1634 749 diligas,

343 754 614 812 Laudari
655 755 732 812 ab
778 754 887 813 illo
934 755 1093 812 velle
1134 764 1219 828 te,
1264 776 1442 831 quem
1487 758 1709 834 diligis.

346 929 445 989 26.
536 927 843 1006 Quidquid
887 929 1147 1008 benigne
1190 931 1471 1003 fecimus,
1513 931 1695 1006 perit:
1745 933 1866 992 nisi
1908 934 1972 995 id

345 1015 580 1087 Bonum
626 1015 1040 1089 admonentes,
1088 1016 1500 1092 exprimentes
1539 1035 1584 1074 a
1617 1016 1780 1076 malo

344 1099 717 1175 Recipimus.
769 1118 974 1157 aurem
1016 1108 1189 1177 grata
1231 1121 1356 1160 non
1398 1120 1534 1158 raro
1582 1101 1698 1160 sibi

343 1185 505 1242 Velli
549 1185 825 1244 voluntas
872 1185 1117 1261 patitur.
1170 1206 1208 1244 a
1246 1186 1410 1246 malo
1457 1185 1633 1262 exige

344 1269 492 1328 Plus
536 1289 717 1345 quam
764 1270 913 1329 satis
962 1271 1061 1344 sit,
1105 1279 1174 1351 ut
1209 1272 1395 1344 feras,
1440 1268 1731 1346 quantum
1779 1279 1873 1330 sat
1917 1280 2027 1331 est.

350 1439 448 1496 27.
537 1437 685 1498 Non
728 1439 933 1496 adficit
972 1459 1091 1514 me,
1142 1440 1195 1500 si
1237 1440 1381 1516 quid
1425 1440 1731 1516 expressit
1766 1441 1971 1513 rubor,

346 1522 477 1581 Nec
519 1525 624 1599 qui
666 1524 922 1601 pudore,
968 1533 1182 1602 sponte
1221 1525 1376 1600 quod
1416 1545 1536 1582 non
1578 1523 1725 1597 vult,
1767 1525 1932 1584 facit.

348 1606 535 1684 Sequi
574 1610 935 1682 trahentem,
976 1611 1072 1668 cui
1120 1609 1300 1667 reniti
1346 1617 1404 1667 te
1449 1610 1635 1686 piget,

348 1692 489 1754 Non
536 1702 631 1753 est
672 1694 970 1768 voluntas,
1015 1695 1227 1754 frontis
1268 1703 1365 1753 est
1398 1694 1740 1752 infirmita&

351 1862 448 1922 28.
537 1861 657 1936 Qui
693 1862 797 1919 dat
836 1863 1116 1937 libenter,
1162 1872 1223 1921 et
1261 1863 1487 1934 statim,
1527 1863 1622 1921 bis
1666 1863 1924 1940 obligat:

350 1946 732 2007 Deliberator
771 1948 934 2024 quod
978 1949 1101 2022 dat,
1145 1949 1263 2007 hoc
1316 1949 1480 2025 capit
1527 1947 1673 2005 sibi:

350 2032 425 2091 Et
460 2033 564 2108 qui
607 2041 898 2106 moratur,
944 2044 1041 2093 est
1078 2035 1323 2111 neganti
1366 2033 1702 2110 proximus.

352 2201 451 2260 29.
538 2199 607 2262 Si
644 2220 798 2277 quae
832 2203 1093 2280 benigne
1134 2205 1363 2261 amicus
1414 2201 1477 2259 in
1522 2201 1852 2269 te,fecerit,

352 2285 451 2349 Sic
488 2295 726 2365 gratum
769 2306 979 2346 eorum
1023 2296 1082 2346 te
1128 2306 1305 2366 geras
1346 2287 1760 2364 interpretem,

351 2372 430 2433 Ut
472 2374 691 2451 dignus
740 2374 902 2445 aliis,
941 2374 1064 2432 ista
1104 2374 1243 2432 dum
1291 2374 1541 2455 accipis,
1585 2373 1743 2431 fuas.

352 2541 450 2601 30.
539 2543 655 2601 Est
698 2561 875 2618 quem
920 2561 1143 2618 rogare
1194 2542 1381 2600 vetuit
1418 2543 1694 2600 infirmus
1737 2540 1958 2617 pudor:

349 2627 460 2686 Est
500 2646 679 2702 quem
725 2646 942 2705 rogare
990 2627 1282 2703 compulit
1330 2626 1684 2685 necessitas.

351 2710 507 2785 Quid
552 2712 709 2783 huic,
750 2713 893 2787 quid
929 2712 1021 2769 illi
1063 2713 1265 2770 facere
1307 2721 1367 2770 te
1412 2731 1657 2770 munem
1703 2710 2000 2770 addecet?

350 2796 707 2873 Explendus
755 2797 860 2854 ille
908 2805 1023 2870 est,
1063 2797 1203 2855 huic
1245 2797 1505 2855 eundum
1552 2806 1645 2856 est
1689 2796 1946 2856 obviam.

349 2882 505 2940 Veta
549 2882 709 2941 hunc
752 2883 993 2955 rubere,
1032 2883 1312 2959 precibus
1356 2883 1520 2942 illius
1563 2884 1722 2941 fave.

351 2967 420 3025 In
455 2967 866 3045 promerenda
908 2968 1105 3045 gratia
1148 2968 1378 3044 primus
1425 2969 1650 3045 gradus

350 3051 480 3126 Est,
530 3071 822 3129 occupare
863 3061 1029 3123 νοτες
1076 3053 1389 3129 proximus
1442 3055 1632 3128 sequi.

353 3223 450 3280 31.
539 3221 661 3280 Hic
698 3240 916 3299 nempe
961 3222 1086 3280 voti
1126 3223 1290 3294 finis,
1339 3222 1499 3279 ultra
1540 3221 1749 3297 iugera

349 3306 545 3366 Fundi
586 3308 828 3383 paterni
875 3326 1250 3367 summovere
1294 3307 1566 3364 limitem.

354 3390 452 3453 Sic
494 3392 686 3451 multa
725 3394 1026 3465 habend0,
1072 3393 1157 3452 nil
1201 3394 1410 3451 habes.
1453 3409 1565 3449 nec
1605 3390 1877 3456 interest,

354 3478 551 3553 Quam
595 3478 923 3536 maximum
969 3478 1068 3552 sit,
1115 3478 1270 3553 quod
1319 3477 1427 3535 tibi
1475 3484 1569 3534 est
1604 3472 2025 3547 pauxillulum,

352 3561 468 3635 Qui
515 3563 605 3622 sic
653 3564 885 3640 egendo
928 3564 1239 3639 possidere
1282 3571 1344 3621 te
1389 3569 1588 3637 putes.

350 3646 631 3724 Namque
671 3649 1018 3725 empturire,
1064 3649 1273 3726 opinio
1312 3644 1681 3721 indigentiae
1729 3652 1853 3700 est:

350 3733 429 3793 Et
472 3752 613 3793 esse
651 3752 942 3805 emacem,
992 3753 1062 3793 se
1102 3734 1285 3792 fateri
1323 3747 1673 3809 pauperem.
