2884 4650
754 517 819 576 344

268 691 321 744 470
338 685 435 759 Quam
456 704 513 762 pro
536 684 686 760 frequenti
708 685 817 744 civium
834 684 958 744 comitio

336 770 445 829 Ferale
464 769 571 848 glauco
591 770 750 847 prandium
773 771 870 830 suasit
892 771 961 830 cani

336 854 461 914 Misissc
478 854 603 932 linguax
622 855 771 932 virginum
790 855 878 914 trium
898 863 985 932 pater

338 941 466 1001 Omnem
488 940 606 999 marino
630 947 741 998 terram
762 940 920 999 inundanti
940 940 1013 1011 luto,

338 1024 494 1101 Siquando
514 1027 621 1083 flnctus
643 1026 801 1101 expuisset
821 1025 960 1084 faucibus

268 1111 320 1166 475
338 1109 473 1171 Sorbens
494 1109 636 1190 procellis
659 1130 749 1170 omne
771 1111 947 1168 decumanis
967 1109 1075 1183 solum,

336 1194 458 1273 Nepam
483 1195 536 1254 sed
557 1195 610 1252 ille
632 1195 719 1252 fauce
741 1216 798 1272 pro
820 1215 902 1272 pupa
924 1213 1048 1267 vorans,

336 1281 447 1339 Partus
471 1279 596 1356 maligni
618 1289 744 1354 questus
767 1289 815 1340 est
837 1299 914 1339 onus
934 1299 1035 1357 grave.

336 1366 469 1424 Venator
491 1365 597 1430 adiens
620 1373 651 1422 at
672 1366 822 1425 secundus
844 1365 975 1424 insulam

337 1450 380 1510 Ut
400 1450 540 1526 expedite
562 1450 703 1510 consulat
722 1451 811 1510 malis
835 1451 911 1522 suis,

269 1541 321 1595 480
336 1535 485 1612 Indigena
510 1535 612 1593 socius
638 1535 727 1610 epulo
748 1536 853 1594 liberis
869 1536 978 1607 virae,

336 1619 453 1678 Priscis
472 1619 620 1696 Lupercis
641 1628 732 1695 atque
749 1620 885 1696 Nyctimi
906 1619 1013 1695 coquis

337 1704 455 1763 Lunam
480 1712 550 1762 ante
572 1706 662 1778 natis,
686 1706 780 1764 filiam
803 1705 923 1783 glandis
945 1705 1063 1779 dapem,

338 1789 466 1848 Torrere
489 1790 584 1848 suetis
607 1790 639 1848 in
660 1791 827 1851 calentibus
850 1790 940 1863 focis,

337 1874 536 1947 Evieccrabit‚
560 1883 590 1933 et
608 1876 785 1934 medullitus
807 1876 906 1934 trahet

268 1963 319 2018 485
336 1960 455 2038 Ligone
477 1960 594 2037 glebas,
617 1980 705 2018 omne
723 1961 880 2039 vestigans
903 1976 1035 2034 specum.

338 2044 431 2104 Cuius
457 2045 576 2103 necavit
598 2047 751 2105 bronchus
773 2047 908 2105 Oetaeus
929 2050 1058 2120 patrem,

336 2131 385 2190 Ad
405 2129 569 2189 verticillas
591 2131 641 2190 ilis
653 2124 749 2190 'artus
772 2131 940 2188 lancinans.

336 2212 525 2292 Adagionem
551 2216 631 2274 hunc
653 2217 751 2276 sensit
773 2224 897 2293 accepto
920 2212 1014 2283 malo,
1093 2210 1097 2217 ’

337 2300 428 2377 Quod
451 2299 581 2379 plurima
602 2301 681 2361 inter
699 2302 841 2379 poculum
863 2307 893 2360 et
914 2299 1031 2357 labrum
1054 2293 1135 2355 solet

268 2390 320 2445 490
336 2386 475 2445 Vertisse
493 2387 587 2445 fatum
606 2407 656 2446 res
677 2406 772 2465 agens
793 2386 972 2445 mortalium.

335 2472 376 2529 Et
395 2473 464 2529 tabe
486 2491 613 2531 manans
636 2492 691 2533 ora
711 2472 875 2548 spumanti,
899 2468 1041 2529 occidens

337 2555 520 2618 Solocisctus
542 2557 748 2616 imminentem
769 2557 934 2626 ulciscitur,

337 2639 413 2701 Salii
433 2660 577 2701 coercens
599 2644 693 2701 incito
720 2651 801 2701 statu
822 2642 929 2701 volam.

336 2727 377 2784 At
397 2727 502 2785 tertius
527 2728 664 2787 tollentis
688 2748 726 2785 ex
749 2746 825 2785 cava
845 2734 933 2803 petra
1001 2755 1005 2761 ·

268 2814 319 2869 495
337 2809 436 2869 Natus
458 2813 583 2873 neronis
605 2814 809 2887 arma‚,cuius
827 2813 858 2869 in
878 2820 978 2869 torum

335 2895 410 2954 Idea
432 2895 518 2958 iunix
541 2906 648 2973 sponte
674 2898 860 2959 conscendet
881 2915 947 2969 sua,

336 2979 421 3053 Quae
440 2980 509 3038 viva
528 2984 644 3041 Averni
668 2984 764 3042 obibit
785 2983 919 3055 umbras,
942 2980 1111 3056 questubus

335 3065 375 3125 Et
400 3065 543 3125 lacrumis
565 3068 704 3127 confecta
722 3068 832 3127 Muniti
852 3086 976 3143 parens,

336 3149 432 3225 Quem
456 3158 533 3209 torta
551 3149 719 3213 Crestonae
740 3152 848 3230 anguis
872 3152 904 3209 in
926 3150 1084 3210 venatibus

267 3238 318 3292 500
335 3235 477 3310 Necabit,
500 3228 599 3315 acrer'n
621 3237 778 3313 cuspidem
800 3237 940 3314 infligens
962 3235 1069 3313 pedae,

334 3321 396 3382 Ubi
417 3322 551 3399 parentis
570 3321 732 3381 collocabit
752 3322 785 3379 in
806 3340 914 3381 manus

336 3405 465 3484 Captiva
485 3408 582 3485 patris
607 3408 676 3467 avia
694 3407 806 3465 furtivo
829 3416 927 3465 satum

335 3494 448 3551 Amore
469 3492 595 3569 pullum,
621 3494 669 3551 cni
690 3493 794 3570 iugum
817 3492 904 3551 solae
927 3492 1078 3551 hosticum

335 3575 439 3634 Iecere
464 3579 617 3639 servitutis
639 3578 749 3638 Actaei
769 3577 833 3654 lupi

267 3663 321 3719 505
338 3658 509 3736 Hostimen,
532 3671 621 3739 atqua
643 3664 783 3723 Bacchae
802 3662 942 3720 ademtae
957 3660 1097 3741 gratiam,

175 3819 177 3823 .
338 3744 472 3821 Quorum
495 3750 643 3809 rotundae
663 3749 795 3815 testulae
816 3765 925 3807 cassus
945 3746 1057 3821 tholus,
