2884 4650
681 528 830 623 Q

299 698 441 773 Namque
461 698 530 774 ipsa
549 712 698 756 summum
721 698 831 776 diriget
851 698 1057 755 telum'manu

230 784 282 840 915
300 783 444 841 Tendens
465 790 567 840 tenum
588 782 690 861 virago
711 785 850 842 Maeoten
872 781 969 841 Tuba

301 868 404 926 Durae
427 868 465 925 ad
485 868 597 925 fluenta
620 870 670 943 qni
692 876 825 927 cremato
848 868 993 925 acerrimo

301 955 419 1015 Leone.
442 952 533 1030 rclgo
557 952 711 1011 dexteram
734 954 864 1011 armavit
885 950 999 1028 Scytha

302 1037 444 1111 Calabro,
467 1038 624 1096 volantum
644 1039 794 1116 pinsitore
815 1038 983 1114 cuspidnm.

302 1122 423 1205 Crathis
447 1122 615 1199 sepulcrum
639 1123 693 1182 sed
715 1124 829 1182 videbit
850 1126 957 1181 mortui

231 1207 283 1261 920
299 1209 349 1268 Ad
371 1210 432 1267 ima
451 1208 563 1282 templa
580 1207 716 1267 bitientis
739 1209 875 1280 Patami,

299 1294 361 1355 Ubi
382 1311 490 1353 sonora
511 1301 620 1367 stagna
640 1292 819 1352 Nauaethns
841 1294 944 1351 vomit.

298 1380 404 1456 Ipsum
426 1377 577 1435 necabunt
597 1380 738 1437 Ausones
757 1378 889 1435 Pellenii

299 1464 399 1541 Opem
420 1462 567 1519 ferentem
589 1462 733 1521 Lindium
752 1464 950 1539 praetoribus,

300 1550 387 1625 Quos
411 1546 592 1622 Thermydri
614 1566 687 1621 quos
711 1546 855 1623 carpathi
873 1548 954 1625 iugis
976 1548 1083 1625 procul

229 1629 281 1683 925
299 1634 399 1710 Vagus
421 1649 565 1689 coruscus
589 1631 754 1691 Thraecias
774 1633 873 1691 mittet
893 1634 988 1692 canis'

298 1716 383 1777 Novi
404 1716 533 1775 colonos
555 1717 748 1793 hospitiaque
771 1717 913 1792 pulveris.

297 1804 379 1880 Ergo
399 1800 538 1860 Macellis
561 1803 722 1859 maximum
746 1802 890 1877 templum
914 1802 1031 1860 incolae

296 1888 395 1947 Busto
418 1895 581 1959 struentes,
604 1907 714 1945 numen
738 1897 894 1945 aeternum
916 1888 1018 1945 colent

297 1973 456 2047 Libisque‚
477 1971 587 2048 opimis
613 1981 642 2030 et
664 1974 754 2031 boum
775 1972 942 2031 nidoribus.

228 2055 281 2109 930
297 2059 397 2117 Faber
420 2056 529 2115 caballi
551 2057 722 2135 Laugariae
741 2058 771 2114 in
795 2057 956 2131 cubilibus,

298 2144 423 2202 Timore
443 2142 549 2200 Martis
570 2150 600 2199 et
617 2151 754 2201 catervae
775 2142 908 2199 Thuriae

297 2227 440 2287 Pendens
460 2228 595 2303 parentis
620 2228 755 2303 peierata
776 2227 911 2298 crimina,

300 2312 385 2387 Quae
405 2332 501 2390 pecua
522 2320 645 2390 propter
666 2320 837 2387 comparata
856 2313 984 2388 praelio,

299 2397 409 2458 Celsae
432 2396 615 2457 Comaethus
636 2399 742 2456 dirutis
763 2398 951 2474 prosimuriis

229 2481 280 2535 935
300 2484 349 2543 Ob
373 2483 539 2561 coniugalis
563 2502 652 2541 curae
675 2501 809 2541 amorem
831 2483 984 2556 uxorium,

297 2569 333 2626 ln
356 2568 502 2626 Bellicam
525 2566 694 2644 Cydoniam
716 2568 882 2644 viraginem

299 2652 547 2729 Crestoniumque
565 2654 714 2730 peieravit
733 2653 764 2710 in
785 2653 884 2710 Deum

297 2740 416 2813 Lupum
440 2739 599 2813 Quirinum
622 2738 801 2797 Trossulum
821 2737 1043 2811 Flexuminem,

299 2823 359 2899 Qui
380 2823 580 2881 torminosum
608 2824 756 2902 praelium
777 2823 809 2880 in
831 2822 954 2880 fratrem
977 2823 1060 2882 dedit

229 2908 282 2962 940
298 2910 384 2966 Intra
405 2909 541 2984 parentis
562 2909 697 2966 intimam
720 2909 843 2985 bulgum
866 2909 961 2985 pugil,

296 2992 410 3052 Natale
431 2993 563 3050 nondum
584 2995 660 3052 lucis
682 2995 804 3053 intuens
824 2994 922 3065 iubar,

298 3078 365 3137 Nec
383 3078 461 3136 liber
483 3097 502 3134 a
518 3077 690 3137 Partundae
709 3079 806 3137 adhuc
827 3078 1000 3137 laboribus:

298 3164 511 3224 Meliculosum
536 3181 648 3221 auxere
670 3163 713 3222 sic
734 3165 827 3222 fetum
849 3164 909 3236 dei,

299 3249 411 3309 Caestu
436 3248 597 3321 valentem,
622 3249 652 3306 in
677 3250 774 3306 Marte
795 3249 939 3306 lauricem
961 3256 1072 3320 tamen,

230 3328 281 3383 945
298 3336 338 3392 Et
356 3343 419 3392 arte
438 3334 598 3410 plurimum
618 3335 722 3391 utilem
742 3335 774 3392 in
793 3333 899 3392 castris
924 3351 993 3391 sua:

299 3417 357 3491 Qui
379 3420 458 3477 circa
481 3417 563 3478 Cirin
589 3427 618 3477 et
642 3418 808 3495 Cylistarni
830 3419 953 3476 humida

197 3531 200 3540 ,
298 3501 433 3562 Habebit
452 3506 567 3581 hospes
590 3505 688 3580 patria
707 3504 809 3578 procul
829 3504 946 3575 domos,
970 3542 976 3548 -

298 3586 359 3646 Ubi
383 3587 535 3662 dolabras,
555 3591 640 3665 qneis
664 3608 786 3667 gravem
807 3588 919 3646 molem
940 3587 1073 3659 ascians,

298 3670 421 3730 Illustre
443 3673 584 3732 damnum
606 3674 767 3733 fabricabit
786 3673 910 3746 incolis⁷

231 3760 284 3816 950
300 3755 403 3821 Mulae
423 3759 555 3818 sanabit
578 3760 609 3817 in
630 3759 793 3820 Cluacinae
816 3759 907 3817 tholo.

289 3844 461 4003 pa
