2884 4650
591 560 744 657 *3¹¹⁵—

214 724 336 793 Πάντας
356 723 534 809 φοβεῖσθαι,
554 730 643 789 πᾶσιν
662 726 696 794 ὃς
715 728 860 810 φοβερὸς,
879 728 990 812 χρειύν.

214 807 350 876 Φειδοῦς
371 810 405 872 τὸ
426 808 507 871 λιτύν
533 809 612 872 ἐστιν
638 810 757 878 ἐνδείας
779 810 861 878 ἄκος.

208 894 379 975 Ἀρνητιῶν
404 894 558 977 φειδωλὸς
580 892 667 978 εὗρεν
688 896 796 957 αἰτίαν.

212 976 352 1061 ῗΑρνεῑθ
377 977 490 1062 ἑαυτῷ,
511 978 689 1063 δυσπύριστ’
710 978 902 1061 αἰτούμενος.
995 1051 998 1056 ,

211 1060 411 1144 Ἀτοπήματ’·
431 1062 491 1124 αἰεί
516 1062 626 1145 μεγάλ’
648 1062 842 1125 ἀπιστεῖσθαι
865 1065 958 1147 φιλεῖ.

215 1145 269 1231 Τῷ
292 1147 440 1231 δυστυχεῖ
459 1147 616 1230 κράτιστον
637 1148 805 1231 ἀπράγμων
829 1148 902 1232 βίος.

215 1228 316 1295 Ούδὲν
336 1229 479 1314 ἀφελοίη,
501 1231 580 1313 πλὴν
605 1230 679 1315 ὅπερ
705 1230 832 1309 ἔδωκεν,
850 1232 938 1316 τύχη.

214 1312 280 1379 Τοῦ
300 1319 354 1377 νοῦ
373 1339 391 1376 κ
412 1318 555 1383 ατοῦντος
575 1314 687 1399 ὄμματ’
710 1316 771 1400 ούχ
793 1316 972 1400 ἁμαρτάνοι.

214 1398 321 1483 Μηδὲν
345 1337 474 1475 σθένειν,
493 1396 555 1461 ἔστι
577 1398 710 1463 θανόντα
730 1404 785 1483 ζῇν
807 1400 890 1464 τύδε.

216 1481 281 1549 Ούκ
303 1482 380 1546 ίδιον
402 1484 480 1566 ἡγοῦ
498 1482 531 1545 τύ
553 1506 588 1566 γε
609 1485 749 1568 πεφυκὸς
770 1484 810 1568 μὴ
834 1484 945 1568 μένειν.

216 1565 255 1630 Τί
273 1566 392 1651 αἴσχιον
412 1566 554 1651 γέροντος
578 1568 611 1637 δς
631 1572 685 1651 ζῇν
710 1568 855 1653 ἀρχεται;

212 1649 265 1715 Ἐν
288 1652 472 1735 ἁψιμαχίαις
493 1653 512 1734 ἡ
538 1654 670 1737 ἀκρίβει)
695 1652 860 1716 ὀλισθάνει.

217 1735 242 1799 Ω
266 1734 359 1821 &mc
382 1736 527 1812 ύποπτον,
549 1737 606 1799 οὐκ
629 1737 773 1821 ἐρειπίοις
795 1737 895 1801 θοίνοι.

217 1816 282 1883 Οῦκ
309 1818 440 1903 εὐτυχὴς
461 1818 530 1883 ἔσθ’
557 1820 637 1889 ὅστις
656 1822 716 1906 οὐχ
740 1822 824 1906 αύτῷ
843 1824 937 1885 δοκεῖ.

216 1901 282 1969 Ούκ
305 1904 434 1986 ἀγαθὸν,
456 1904 535 1967 εἰναι
554 1910 609 1967 τοῦ
630 1910 728 1969 κακοῦ
752 1906 889 1989 κρείττω,
908 1910 1006 1970 καλίύ.

213 1985 293 2051 Ἐλοί
316 2010 396 2050 ιστον
421 1988 478 2051 ούκ
501 1987 568 2051 ἔσθ’
592 1988 667 2074 ὅπερ
691 1988 818 2051 ἔλαττον
843 1990 988 2055 ἀπλέτου.

217 2070 283 2137 Ούκ
304 2096 366 2135 εστι
391 2073 428 2155 δή
455 2094 519 2149 συν,
542 2073 615 2135 ύσυν
635 2074 756 2155 ἐποίησ’
778 2072 903 2179 ἡτύχη.

216 2154 260 2220 Τύ
284 2179 332 2219 σοι
353 2158 591 2237 δυσαγκοίλιστον
617 2157 723 2226 ἐπίθες
744 2159 860 2241 μηδενι.

217 2238 316 2306 Ούδέν
337 2240 406 2323 μέγ’
434 2240 506 2321 ἐστὶ,
527 2242 605 2326 πλὴν
630 2242 818 2326 ἀμίσθωτον,
841 2242 946 2309 κακύν.
1068 2296 1070 2299 ,

217 2322 316 2390 Ούδέν
339 2330 467 2388 τοσοῦτο
488 2324 607 2411 κέρδος,
628 2332 671 2396 ὡς
693 2329 802 2412 φειδὼ,
822 2326 921 2391 πέλοι.

213 2410 399 2478 Ἀκινδύνως
420 2409 477 2473 οὐκ
495 2409 558 2474 ἔστι
576 2411 717 2475 κινδύνου
739 2418 870 2495 κρατεῖν.

217 2492 263 2560 Ού
289 2497 353 2562 τοῖς
375 2500 524 2578 παροῦσιν
549 2496 634 2564 ἐλπὶς
656 2493 793 2579 ἀρκεῖται
813 2498 903 2581 κακή.

218 2577 284 2644 Οἰικ
305 2579 435 2663 ἀτρεμεῖ
451 2578 525 2642 πόθ’
550 2581 568 2662 ἡ
593 2582 764 2663 συνείδησις
782 2583 871 2664 κακή.

216 2663 410 2749 Πειθαρχίας
427 2665 461 2726 τὸ
482 2666 575 2733 κῦδος
599 2665 716 2727 ἰσυῦται
736 2667 849 2749 κράτει.

216 2745 321 2831 Μέρος
341 2750 475 2858 χάριτος,
499 2751 632 2812 αἰτοῦσιν
657 2749 818 2832 ἀρνεῖσθαι
835 2751 923 2835 ταχύ.

216 2831 297 2916 Νικᾷ
320 2833 352 2894 δί
387 2831 479 2896 αἰῶν’
501 2835 521 2917 ἡ
545 2834 761 2918 φιλοικτίρμων
784 2833 881 2918 φύσις.

216 2914 327 3001 Κίμβιξ
349 2917 461 3002 ἀφῆλιξ
486 2919 601 3001 μακρὸν
623 2919 659 2980 οῦ
685 2919 839 3004 βιώσεται.

216 2997 367 3085 Καθαρὰς
386 3002 419 3064 τὸ
443 3001 529 3065 θεῖον
551 3005 668 3086 χεῖρας,
690 3002 728 3065 ού
750 3004 877 3087 πλήρεις
897 3008 1014 3068 σκοπεῖ.

210 3079 282 3149 ⁰00³
305 3085 369 3148 ἐστὶ
390 3086 592 3170 μεταμελητέ’
618 3087 649 3149 ἐν
674 3091 784 3172 μακρῷ
805 3088 880 3173 βίιρί

214 3167 270 3237 Ὡς
291 3169 390 3232 οἶκτον
411 3171 491 3233 αἰτεῖ
510 3172 550 3254 μή
571 3171 641 3233 ποτ’
658 3171 790 3241 οἰκτίσας
810 3173 924 3256 ποίροςί

219 3249 329 3322 Οὐδεὶς
346 3255 376 3317 τί
396 3254 524 3318 δύναταί
540 3254 571 3337 γ’
595 3255 671 3330 οἶδε,
692 3257 770 3338 πλὴν
792 3260 901 3338 πεῖραν
928 3257 1049 3341 λαβύνί

208 3335 269 3400 Ὧν
292 3339 397 3422 πρᾶξις
419 3339 543 3424 αἰσχρὰ,
566 3340 607 3423 μὴ
632 3341 715 3404 δύκει
739 3338 807 3405 τύδ’
828 3340 974 3444 εὔστομα.

214 3419 270 3491 Ὣς
289 3424 447 3506 προπετὲς,
470 3424 529 3487 ἀπε
572 3424 628 3487 οῦκ
650 3425 748 3502 οἶδας,
771 3425 891 3489 ἀθετεῖν
913 3445 1030 3506 ακριτα.

210 3503 252 3571 Ὃ
274 3507 393 3585 ποθεῖς,
415 3506 499 3616 ἔρροις
519 3448 566 3586 ἀν,
587 3510 625 3594 ἢν
645 3508 679 3572 τύ
699 3509 729 3592 γ’
751 3508 881 3592 ἀρκέσον
901 3506 1012 3592 ποθῇς.

214 3591 282 3655 Ἀεὶ
306 3593 457 3680 φοβηθεις
477 3594 610 3678 κρίνεται
630 3592 706 3658 καθ’
730 3592 860 3676 ἡμέραν.

216 3674 283 3740 Ἀεὶ
302 3679 416 3742 κακίων
438 3679 457 3760 ἡ
481 3677 612 3741 ἐπιοῦσα
631 3682 685 3762 τῆς
704 3680 831 3761 προτοῦ.

219 3757 256 3824 Εἰ
278 3759 315 3823 τὰ
336 3763 404 3826 κάκ’
430 3764 497 3825 δνεῖ
513 3762 559 3839 σὲ,
580 3762 774 3845 πλημμελεῖς
792 3763 888 3846 ποιῶν
912 3762 1002 3826 καλά.
