2884 4650
741 597 892 694 “132-

362 761 502 848 Εύςυχία
522 761 702 848 πολύφιλος.
721 758 775 831 Ἐς
798 761 928 846 ούρανδν
951 760 1043 845 ύμμιν
1066 762 1213 843 ἀλεύμαι.

360 845 396 911 Ἐ
419 848 474 915 θὲς
494 849 545 910 καὶ
564 849 683 931 πρώην.
707 845 781 931 Πρίν
804 869 855 909 κεν
879 845 970 915 λύκος
992 845 1037 908 οἶν
1061 847 1213 929 ὑμεναιοῖ

363 932 444 1001 Ζευς
466 932 584 1014 ἄγονος.
610 929 770 995 Πεινῶσαν
791 929 934 994 ἀλώπεκ’
959 929 1123 1015 ἐπέρχεται
1149 931 1253 1000 ὕπνος.

363 1016 472 1101 Ζητεῖν
493 1016 592 1101 ἴχνεσι
613 1019 716 1079 πᾶσιν.
735 1012 868 1100 Ὀρέσιη
884 1017 1015 1100 χλαῖναν
1040 1015 1191 1098 ὑφαίνειν.

362 1101 437 1185 Ζωή
459 1101 651 1183 ἀκανθώδης.
668 1096 762 1168 Ὀνος
781 1102 825 1168 εἰς
846 1099 1010 1183 ἀχυρῶνας
1028 1097 1162 1183 ἀπέδρα.

362 1185 436 1269 Ζωὴ
458 1187 509 1249 καὶ
529 1185 624 1270 ψυχή.
646 1183 778 1269 Δέχεται
797 1185 848 1248 καὶ
871 1183 970 1267 βῶλον
994 1183 1118 1266 ἀλήτης.

362 1269 431 1334 Ζῶν
453 1271 514 1332 ἀπὸ
540 1292 582 1352 μα
602 1269 717 1351 δαλίης.
743 1265 785 1332 Τὸ
808 1268 843 1330 δέ
865 1289 912 1330 τοι
932 1267 1023 1335 κλέος
1044 1267 1240 1349 ἐσσομένοιο.

362 1353 560 1462 Ζωροπύτης.
577 1292 695 1436 ιδῖρμής
717 1353 862 1436 ἀμύητος.
882 1349 977 1420 Ἔθος
999 1349 1088 1433 φύσις
1109 1351 1202 1435 ἄλλη.

355 1437 399 1502 Ἢ
420 1460 500 1515 ονος,
520 1438 541 1521 ἢ
563 1437 715 1520 βασιλεύς.
735 1438 911 1504 Ἀποτίσεις
930 1440 1020 1522 χοῖρε
1040 1436 1177 1518 γίγαρτα.

356 1520 398 1585 ‘H
419 1522 516 1605 πέτρα
538 1521 716 1603 ἀγέλαστος.
736 1517 818 1604 Ἐγώ
843 1521 1025 1607 βαλανεύσω
1050 1520 1186 1605 ἐμαυτῷ.

354 1604 398 1670 Ἦ
419 1605 484 1682 πὰν,
506 1606 526 1689 ἢ
546 1605 595 1668 ἐπὶ
616 1609 678 1674 πᾶς.
703 1601 741 1669 Οἱ
763 1605 891 1669 κλέπται
913 1603 1037 1688 ἄγουσιν
1064 1605 1186 1688 ἑορτήν.

352 1688 456 1754 Ἦλθε
474 1689 557 1752 κύων
580 1689 630 1752 ἐπὶ
652 1691 761 1772 δεσμοί.
782 1689 978 1774 Δικαιύτερος
1000 1691 1153 1774 σταχοίνης
1176 1688 1215 1752 εί.

355 1771 472 1859 Ἦρατο
496 1775 580 1837 ὀπτῶ
601 1774 735 1856 ἀλεύρω.
752 1773 861 1838 Ἄλευ)
888 1775 947 1837 ἀπὸ
973 1773 1111 1856 μείζονος
1133 1773 1256 1858 ἀνδρός.

356 1856 532 1922 Ἡσιόδειον
554 1863 660 1942 γῆρας.
677 1855 779 1933 Ἕκὼν
803 1859 926 1922 ἀέκοντί
944 1881 979 1941 γε
999 1857 1101 1942 θυμῷ.

355 1941 555 2027 Ἧφαίστειος
576 1942 698 2026 δεσμός.
721 1939 807 2027 Ἔρις
829 1942 855 2005 δ’
880 1941 941 2026 ἔριν
964 1941 1166 2028 ἀντιφυτεύει.

358 2026 464 2113 Ἠχεῖς
485 2032 594 2112 νεκρού
617 2027 649 2095 ές
670 2029 745 2090 ώτα.
772 2027 875 2111 Θύρας
897 2025 1044 2090 ἐπιθέσθε
1070 2025 1209 2172 βέβληλοι.

362 2112 572 2197 Θαλλύφοροι.
597 2109 685 2174 Μετὰ
733 2116 813 2194 ωνής
833 2111 937 2197 εύχεο.
958 2109 1059 2195 Χαῖρε
1079 2133 1113 2194 φι
1135 2132 1168 2172 ον
1196 2114 1272 2196 φῶς.

361 2198 498 2280 θάψινος
517 2196 690 2280 ἄνθρωπος.
744 2197 864 2280 αροίδρα
884 2195 1087 2279 κατελήλυθα.
1109 2192 1233 2258 Σελλοί.

362 2281 535 2367 Θερσίτειον
556 2280 610 2365 βλέ
636 2303 687 2365 μα.
706 2279 808 2344 Λύκου
834 2281 932 2350 δεκοίς.
948 2277 1180 2364 Ἥμερύκοιτος.

362 2366 543 2431 Θετταλικαὶ
561 2390 600 2429 πτ
619 2388 716 2450 ρυγες.
741 2362 801 2429 Τδν
822 2367 963 2451 καρκίνον
992 2364 1072 2449 ὀρθὰ
1094 2366 1243 2448 βαδίζειν.-

362 2450 544 2515 Θετταλικὸν
564 2452 703 2535 πήδημα.
731 2448 770 2513 Τί
786 2452 916 2534 δάκρυον
938 2449 1028 2513 εύδον
1052 2448 1193 2531 έγείρεις;
1315 2474 1319 2485 ¹

362 2533 454 2617 Θύμα
477 2535 671 2617 Φασηλιτῶν.
694 2530 770 2598 Οὐδ’
794 2534 829 2597 ἀν
852 2536 970 2619 πείσης,
995 2534 1051 2617 ἐμὲ
1073 2534 1199 2602 πείσεις.

362 2617 610 2702 Θυμβροφαγεῖν.
634 2620 692 2682 Διὰ
714 2624 768 2702 τῆς
787 2620 928 2703 κηπαίας.
952 2616 1006 2687 Εἰς
1026 2616 1098 2700 γόνυ
1121 2620 1256 2703 βάλλειν.

355 2700 456 2765 Ἴκκον
479 2704 610 2767 δεῖπνον.
635 2702 830 2787 Ἀμαλθείης
849 2706 941 2789 ἀγρὸς
962 2703 1054 2787 κέρας
1074 2702 1164 2765 ἐστίν.

351 2783 435 2849 Ἶσαι
458 2790 557 2871 ψῆφοι
580 2786 657 2851 ἔασι.
680 2788 875 2873 Προμηθεύς.
900 2787 1129 2872 Δημοπίθηκος.

361 2867 519 2952 Κάδμειος
539 2872 616 2954 νίκη.
639 2871 765 2954 Σαμίων
792 2872 880 2956 ἄνθη.
902 2871 1011 2955 Χαμαὶ
1034 2872 1162 2939 ἀντλεῖς.

360 2951 424 3018 Καὶ
443 2952 515 3021 τοδς
536 2955 720 3039 ἀνθρώπους
741 2960 867 3041 συνοίγει
889 2958 978 3020 κακοί.
997 2954 1238 3041 Κλειτορισὶζειν.

359 3035 512 3103 Κάλλιστ)
535 3038 622 3101 ένδοῖ
641 3043 746 3101 πᾶσαι.
762 3040 946 3110 Ἀλώπεκος
967 3040 1064 3125 ίχνεσι
1086 3042 1209 3125 βαίνεις.

359 3120 570 3207 Καλλιφάνης.
591 3122 812 3207 Λευκηπατίης.
830 3122 1078 3193 Ῥυποιιύνδυλος
1100 3126 1189 3209 ἀνήρ.

359 3204 687 3291 ΚοίνθαρυςΑίτναῖος.
711 3208 847 3291 ψεκάς,ή
862 3210 980 3294 δρύσος.
1002 3206 1269 3294 ΕἰςΚυνοσαργές.

358 3288 498 3375 Καρποῖς
519 3291 556 3354 ού
577 3292 740 3355 σταδίοισιν
762 3292 912 3377 ἐρίζομεν.
928 3293 1025 3363 Ἱστδς
1045 3294 1192 3378 ἀράχνης.

359 3371 418 3437 Κεί
437 3376 531 3439 λύκου
554 3376 718 3460 ἐμνήσθης.
738 3375 861 3461 Ἂφύης
880 3380 951 3461 τιμὴ
975 3381 1009 3443 τὸ
1024 3376 1137 3441 ἔλαιον.

358 3454 468 3521 Κέντει
487 3464 538 3525 τὸν
559 3463 664 3523 πῶλον
686 3462 756 3544 περὶ
779 3462 831 3545 τὴν
854 3464 977 3527 νύσσαν.
1002 3461 1081 3525 Γύνυ
1103 3464 1234 3547 κάμψαι.

359 3537 540 3625 Κερκώπων
560 3546 667 3630 ἀγορά.
689 3543 803 3633 Γυμνηύ
825 3549 965 3632 φυλακην
988 3547 1162 3615 ἐπιτάττεις.

358 3621 514 3707 Κεστρεύς
533 3628 698 3712 νηστεύων.
712 3624 777 3693 Ἵνα
796 3630 853 3714 γὰρ
877 3632 957 3710 δέος,
982 3630 1057 3695 ἔνθα
1072 3632 1123 3695 καὶ
1145 3633 1250 3704 αἰδώς.

359 3706 472 3794 Κηρῶν
496 3713 691 3798 λεπτότερος.
707 3711 837 3861 Ζωλχέν
859 3720 933 3779 πᾶσι
957 3719 1099 3799 λαγώοις.

359 3790 587 3878 Κλαυσίγελως.
603 3796 762 3863 Σαλοίκων.
801 3800 899 3882 αμίων
908 3800 1017 3885 λαύρα.
1031 3798 1267 3883 Μερλςωύπνίξ.
