2884 4650
639 541 679 604 73

197 709 280 784 Quid
301 709 432 768 referam
456 708 547 767 nullis
570 709 789 770 indelessabile
811 729 920 786 corpus

196 796 328 867 Usibus,
348 803 378 852 et
396 794 525 870 paticus
542 813 634 853 aurae
655 794 806 872 glacialis,
830 804 861 852 et
877 797 1004 854 aestus?
1040 828 1043 835 ,

197 880 279 953 Quid
301 880 399 942 somni
416 879 567 938 immunes
588 880 713 940 oculos?
733 881 805 956 quid
827 881 963 938 membra
983 882 1085 942 labore

198 965 374 1041 campestri
396 963 513 1036 durata,
533 983 590 1024 nec
612 967 665 1023 uni
687 975 764 1029 nata,
779 965 975 1041 palaestrae?

196 1050 299 1125 thue
320 1049 392 1106 illae
413 1048 497 1107 dotes
521 1049 681 1108 vincebant
703 1058 834 1108 caetera.
854 1050 897 1107 ita
921 1069 1000 1108 uuus

196 1135 322 1196 Vicerat
342 1135 398 1192 bas
423 1133 542 1192 animus
564 1147 715 1212 generoso
738 1135 877 1193 incoctus
900 1135 1040 1208 honesto,

197 1220 341 1294 Puraque
364 1237 451 1278 meus
474 1217 550 1276 nulli
570 1220 710 1278 vitiorum
731 1220 838 1296 pervia
857 1219 931 1291 labi,

197 1307 240 1364 Et
262 1305 338 1364 recti
358 1303 505 1376 retinens,
528 1312 558 1362 et
577 1306 691 1364 vindex
711 1304 827 1364 fraudis
845 1323 967 1378 avarae,

200 1390 280 1448 Turn
305 1390 412 1466 pudor,
432 1396 463 1446 et
485 1407 583 1448 mores
601 1390 713 1466 priscis
737 1390 890 1464 Heroibus
912 1391 1011 1465 aequi,

136 1529 142 1546 ,
197 1476 239 1534 Et
260 1482 364 1537 castae
386 1473 518 1551 gravitas
540 1495 600 1532 non
622 1475 764 1534 affectata
786 1473 936 1550 loquelae:

199 1559 313 1620 Sobria
334 1559 515 1634 temperies:
537 1559 624 1618 frons
646 1579 709 1618 nou
731 1560 813 1618 elata
831 1560 1012 1636 secundis[,]

197 1643 270 1704 Non
290 1644 407 1705 deiecta
428 1644 529 1716 malis,
550 1645 702 1720 mediique
721 1646 753 1702 in
776 1652 902 1721 utroque
923 1653 1052 1704 tenores.

198 1730 322 1788 Interea
343 1747 472 1806 maguae
494 1729 614 1806 legatus
636 1731 776 1806 poscitur
794 1730 882 1802 Urbi,

200 1813 324 1890 Septem
349 1833 427 1889 quae
447 1833 509 1872 una
528 1815 588 1873 sibi
610 1816 727 1892 gremio
750 1815 958 1888 complectitur
980 1834 1077 1874 arces.

200 1900 366 1975 Quaeritur
388 1899 524 1957 emedio
544 1919 716 1976 procerum,
742 1917 820 1974 quae
841 1899 977 1956 maxima
996 1907 1082 1958 tanto

199 1987 282 2062 Apta
302 1985 384 2043 foret
404 1983 507 2042 cervix
528 1985 621 2042 oncri.
647 1985 716 2042 Tua
739 1984 860 2061 cognita
880 1983 975 2042 virtus

199 2069 269 2128 Non
291 2077 339 2129 est
359 2087 456 2146 passa
477 2069 526 2131 diu
549 2078 681 2129 mentem
704 2076 812 2127 nutare
833 2068 965 2145 legentis

198 2155 365 2231 Principis,
389 2162 441 2212 aut
459 2173 618 2230 procerum
638 2154 761 2212 faelicia
779 2162 852 2212 vota
872 2152 996 2212 morari.

199 2240 346 2299 Mitteris:
366 2248 396 2298 et
416 2258 507 2315 quam
531 2247 612 2298 certa
632 2240 721 2312 rideo,
744 2258 835 2316 quam
859 2239 984 2313 provida
1004 2257 1087 2311 cura,

199 2329 261 2386 Aut
282 2335 336 2405 tua
356 2344 433 2400 quae
456 2326 547 2383 fuerit
566 2326 665 2385 claros
691 2333 830 2403 spectata
848 2344 904 2400 per
928 2333 1013 2383 actus

156 2422 160 2429 '
200 2410 367 2482 sedulitas,
389 2410 487 2469 sensit
508 2410 669 2487 Princeps,
690 2411 794 2470 videre
816 2408 960 2483 Quirites

200 2496 279 2569 Quin
303 2497 394 2555 etiam
414 2496 594 2570 obsequium
617 2496 711 2572 longa
731 2495 762 2553 in
785 2494 917 2553 statione
937 2502 1066 2566 teneret,

200 2581 333 2658 (Tantus
346 2600 439 2639 amor
456 2581 558 2657 Regni
582 2588 639 2654 est,
661 2589 747 2639 tanta
770 2589 819 2639 est
829 2579 999 2639 reverentia
1008 2579 1117 2660 Regis)

199 2666 368 2727 Emeritum
392 2665 451 2725 uisi
471 2666 543 2739 iam,
565 2666 694 2725 lustrum
715 2665 910 2725 volventibus
931 2666 1032 2737 annis,

200 2752 303 2811 Roma
323 2752 503 2809 redonatum
524 2752 622 2827 patrio
644 2760 674 2809 te
696 2752 837 2809 redderet
858 2750 935 2808 orbi.

243 2838 317 2895 Vita
337 2838 439 2895 bonae
461 2837 551 2912 pacis
572 2836 678 2895 dulces
703 2837 820 2915 agitata
841 2854 897 2911 per
918 2854 992 2895 usus

201 2922 402 2998 Militiamquc
424 2922 525 2993 aulae,
544 2921 645 2997 potuit
667 2920 831 2996 tranquilla
850 2920 946 2979 videri

201 3006 370 3065 Hactenus.
390 3006 473 3065 Hinc
493 3006 577 3065 crudi
601 3007 709 3065 studiis
735 3007 870 3064 exercita
891 3006 999 3065 Martis

202 3091 334 3152 Caetera
355 3092 470 3149 loricae
492 3092 547 3151 sub
570 3093 707 3168 pondere
731 3092 833 3150 canuit
851 3099 946 3150 aetas.

203 3177 276 3251 Quis
300 3185 451 3235 memoret
473 3195 561 3235 curas
576 3177 690 3251 animi,
712 3176 889 3235 discrimina
909 3177 1001 3247 vitae,

203 3261 264 3323 Sub
285 3262 362 3321 Iove
385 3262 507 3321 duratas
532 3262 657 3319 hiberno
680 3263 779 3321 sidere
800 3273 915 3333 noctes,

202 3350 301 3423 Atque
323 3347 516 3423 intempestis
539 3348 673 3421 equitata
695 3347 853 3405 cacumina
874 3343 986 3403 nimbis

201 3432 346 3491 Fortibus
369 3432 474 3491 induto
495 3431 626 3509 rigidum
647 3434 772 3491 thoraca
791 3430 926 3501 lacertis,

204 3516 330 3596 cogenti
352 3526 478 3590 turmas,
499 3516 639 3593 implenti
660 3517 765 3577 munia
785 3514 888 3591 magni

203 3603 310 3662 Militis
335 3610 425 3677 atquc
447 3601 555 3661 ducis?
577 3602 727 3662 Lemovix
748 3608 867 3659 rectore
890 3599 1013 3658 carebat

203 3687 319 3762 Limes,
341 3688 513 3762 Aquitanae
533 3687 675 3747 scindens
699 3685 833 3745 confinia
853 3693 962 3757 terrae,

205 3772 359 3851 Tempore
377 3792 439 3849 quo
459 3772 566 3851 Stygio
588 3782 679 3851 caput
700 3770 865 3829 extollebat
884 3772 923 3829 ab
946 3777 1034 3829 antro
