2884 4650
1534 534 1658 594 368

701 700 1019 761 Certamen
1063 702 1220 760 acris
1263 713 1655 762 conserentes
1700 704 1938 781 praelii,

699 787 1031 863 Pisamque
1079 788 1344 863 capiunt,
1387 797 1447 845 et
1488 789 1835 864 relinquunt
1875 788 2082 847 omnia

549 876 684 932 1360
700 872 1002 931 Praedam
1057 872 1241 930 duelli
1280 873 1512 949 iugera,
1562 874 1811 933 Umbris
1855 874 2077 931 finibus

697 958 1054 1035 Propinqua
1104 965 1163 1015 et
1202 957 1450 1034 Alpium
1498 960 1725 1036 iugosis
1772 958 2032 1017 arcibus.

698 1044 897 1101 Litem
940 1061 1256 1117 supremus
1297 1044 1481 1101 torris
1528 1046 1833 1118 antiquam
1875 1043 2118 1111 excitat,

704 1129 869 1189 Olim
911 1128 1186 1204 sepultos
1234 1127 1478 1204 ignibus
1521 1130 1797 1188 animans
1842 1147 2053 1205 rogos,

699 1214 1035 1288 Postquam
1071 1212 1365 1288 Pelasgos
1408 1214 1755 1272 haurientes
1802 1213 2121 1289 Rhyndaci

548 1306 682 1360 1365
702 1297 1045 1374 Conspexit
1078 1298 1244 1355 urnis
1289 1298 1349 1354 in
1395 1300 1731 1376 peregrinis
1782 1317 2017 1373 aquam.

701 1383 1046 1460 Lymphata
1089 1390 1150 1438 at
1194 1382 1300 1438 illa
1347 1384 1615 1442 efferatis
1663 1386 1951 1442 aestubus

661 1470 665 1475 ’
701 1469 1092 1544 Triplamque
1134 1467 1646 1543 quadruplamque
1691 1469 2011 1526 vindictam
2055 1466 2305 1538 inferet,

701 1553 938 1630 Magnis
977 1551 1170 1609 ruinis
1215 1551 1382 1611 littus
1423 1554 1742 1612 adversum
1784 1554 2101 1630 impetens.

701 1638 1032 1711 Aderitque
1078 1637 1303 1711 primus
1348 1638 1448 1695 hic
1496 1639 1630 1697 Iovi
1674 1639 1976 1715 Lapersio

551 1724 684 1778 1370
705 1721 1218 1799 Cognominisque
1269 1729 1328 1779 et
1363 1721 1707 1800 Fulguritor
1748 1724 2041 1800 Iuppiter,

702 1808 874 1866 Telis
915 1807 1181 1866 trisulcis
1226 1808 1497 1866 hosticas
1538 1810 1911 1884 flam[m]ans
1951 1809 2193 1867 domos:

701 1892 955 1967 Quicum
1001 1893 1139 1969 ipsa
1183 1892 1427 1965 moriar,
1465 1893 1648 1968 inque
1698 1894 1952 1953 mortuis
1999 1910 2235 1971 vagans

702 1978 876 2036 Tunc
914 1978 1155 2036 audiam
1195 1977 1321 2034 illic
1360 1979 1490 2051 illa,
1536 1997 1691 2053 quae
1731 1986 1877 2055 post
1926 1979 2197 2054 eloquar.

704 2062 828 2125 Sed
875 2071 934 2119 et
975 2063 1298 2135 secundm,
1338 2063 1644 2121 interemti
1684 2064 1846 2121 filius

551 2155 686 2209 1375
705 2150 778 2207 In
823 2155 950 2206 rete
996 2149 1144 2206 muti
1182 2148 1369 2223 piscis
1417 2149 1635 2206 immiti
1679 2149 1884 2220 m0d0‚

706 2234 960 2292 Terram
1001 2234 1291 2291 cremabit
1330 2234 1635 2309 hospitem
1676 2233 1899 2291 Medici
1944 2233 2039 2291 dei

708 2319 988 2380 Oraculis
1030 2338 1164 2377 cum
1204 2318 1576 2396 multilingui·
1611 2319 1902 2376 exercitu.

705 2409 788 2465 At
831 2424 973 2483 rege
1017 2404 1312 2482 lignatore
1355 2406 1569 2462 tertius
1612 2412 1802 2476 satus,

702 2490 979 2568 Figulam
1015 2498 1292 2548 recenter
1333 2489 1628 2566 virginem
1667 2489 2103 2547 Branchesiam

554 2581 688 2635 1380
708 2575 965 2635 Glebam
1007 2575 1265 2633 solutam
1309 2575 1554 2632 flumine
1595 2574 1886 2632 inducens
1933 2575 2049 2632 sibi

706 2661 1023 2719 Terrestre
1069 2679 1262 2737 egeno
1307 2678 1525 2718 munus
1573 2660 1804 2736 optanti
1847 2659 2011 2731 dare,

704 2746 892 2803 Libro
940 2745 1206 2822 sigillum
1251 2745 1411 2820 quod
1456 2745 1675 2803 fuisset
1719 2744 1982 2815 conduli‚

704 2832 999 2888 Montana
1040 2830 1353 2888 Phthirum
1399 2849 1589 2907 regna
1633 2829 1796 2888 solus
1845 2828 2089 2898 incolet,

706 2913 980 2973 Peditem
1020 2916 1349 2973 retundens
1396 2914 1555 2973 Cara
1597 2915 2064 2971 mercenarium:

557 3009 689 3063 1385
708 2999 962 3059 Petulca
1007 3016 1139 3054 cum
1180 3001 1436 3058 nonaria
1479 3001 1717 3077 eugium
1761 3007 1965 3057 terens

704 3084 977 3144 Nictabit
1023 3083 1167 3140 olim
1204 3086 1469 3159 nuptias,
1512 3085 1830 3143 catulliens

708 3170 900 3246 Turpi
939 3169 1231 3227 suburrae
1275 3170 1666 3226 barbarorum
1708 3171 1956 3227 nubere.

708 3256 921 3330 Quarti
963 3254 1286 3330 Dymantis
1331 3255 1625 3329 sanguine
1672 3273 1709 3310 a
1746 3252 2085 3322 veterrim0‚

707 3340 1167 3414 Lacmoniique‚
1205 3348 1331 3395 tum
1376 3336 1677 3414 Cytinaei‚
1718 3346 1777 3395 et
1828 3337 2043 3396 Codri:

558 3434 692 3488 1390
711 3426 828 3499 Qui
872 3426 1205 3502 Thingrum
1248 3424 1555 3480 habebunt
1594 3430 1655 3480 et
1697 3441 1983 3481 cacumen
2034 3418 2335 3496 Samium,

711 3512 790 3569 Et
833 3511 1226 3587 marginalem
1273 3507 1513 3585 pristini
1559 3507 1941 3582 peninsulam

713 3595 1064 3671 'Empamiae
1113 3595 1353 3651 Edusae
1397 3590 1713 3669 plurimum
1765 3591 1941 3647 invisi
1989 3590 2160 3662 deae,

720 3679 912 3735 Patris
960 3681 1197 3739 virosae
1249 3703 1297 3724 m

716 3763 1088 3839 Quotidiano
1130 3767 1253 3843 fisus

1364 3675 1621 3736 Εΐῡτῐηίε
1669 3679 1989 3751 seraptim„

1390 3756 1401 3767 ”
1426 3777 1429 3778 ’
1457 3799 1496 3841 ·.‚
1641 3759 1809 3815 lum-n
