2884 4650
606 540 755 637 LAS-

224 700 276 767 Ἐν
296 707 341 788 τῷ
365 704 488 767 δικάσαι
505 704 540 767 τδ
560 706 638 791 ταχδ
659 710 730 784 πᾶν,
753 705 899 769 θπαίτοσν.

228 788 391 856 Φειδωλδς
412 786 449 850 οὔ
470 810 531 873 τειρ
575 791 695 874 ρηστδς,
717 788 789 852 ἐσθ’
813 789 897 873 οιθτιγῖ
917 788 1019 859 κακός.

223 868 276 936 Ἐν
300 875 397 934 τοῖσιν
417 812 627 957 άπάρυιςθστὶ
645 876 825 959 παράβολον
843 872 932 938 πολιί.

226 953 292 1021 Οὐκ
314 954 371 1017 εἶά
394 957 532 1040 ὑβρισταὶ
554 959 702 1042 σχετλίων
726 958 878 1041 ἀκληρίαι.

224 1039 388 1104 Σθνοιδ’δ
435 1040 525 1125 είρων
549 1042 595 1110 οἷς
618 1044 633 1106 ὁ
655 1043 799 1125 κρείττων
821 1040 918 1125 ἤλιτε.

218 1122 261 1188 Ἦ
283 1124 323 1186 δι’
348 1064 480 1205 εὐγθζνει>
504 1126 568 1188 ἐστ’
584 1126 780 1190 ἀνεπίδεκτον
802 1127 930 1211 ὕβρεως.

137 1267 139 1271 .
220 1206 365 1277 Ἀναίίου
389 1207 536 1293 δεόμενος
558 1210 672 1280 ἀδικεῖς
693 1210 844 1293 τυδγενές.

214 1286 375 1361 ςἈπαντας
396 1291 507 1379 ἔβλαψ’
533 1295 661 1364 ἀθλίους
681 1296 846 1380 ἀχάριστος
865 1293 918 1362 εἷς.

222 1374 356 1462 Ἐχθρδν
380 1378 547 1463 φοβεῖσθαι
566 1381 617 1443 καὶ
637 1380 844 1465 χαμαίζηλυν,
868 1382 980 1463 σοροῦ.

225 1458 315 1524 Τῖσαι
336 1462 386 1523 τδν
411 1461 523 1546 ἐχθρόν
546 1464 609 1526 ἐστι
631 1464 775 1548 δεύτερος
798 1464 872 1549 βίος.

223 1544 312 1628 Λήθη
334 1547 465 1630 βαρειῶν
488 1546 566 1609 ἐστὶν
590 1548 607 1611 θ
629 1571 708 1632 ρεων
733 1547 816 1616 ἄκος.

223 1627 322 1713 Χάριν
347 1630 488 1716 δεομένῳ
507 1632 552 1700 δὶς
575 1632 685 1695 δίοωσ’
707 1635 725 1696 ὁ
750 1632 823 1699 δοὺς
839 1630 928 1715 ταχύ.

223 1711 324 1797 Παθρ’
349 1715 470 1797 ὑστερεῖ
487 1715 603 1798 πένητι,
626 1716 728 1780 πολλὰ
748 1716 873 1799 κίμβικι.

223 1794 383 1881 Μεμηνότ’
406 1800 491 1882 ἀνδρὶ
512 1804 572 1867 πᾶς
591 1800 760 1884 μεμηνέναι
782 1801 876 1863 δοκεῖ.

218 1878 385 1951 Ἕνεκευος
407 1881 499 1946 ἔνδει’
526 1884 632 1968 ὀλβίου
654 1886 688 1947 τὸ
710 1886 907 1969 φιλάργυρον.

222 1964 298 2028 Ποῖ’
318 1967 390 2043 ἐστὶ,
413 1967 556 2050 μάνθαν’,
581 1971 661 2031 ὥστε
684 1970 770 2052 δρᾷν,
789 1966 827 2030 τά
845 1965 973 2051 κρήγυα.

223 2050 348 2119 Φθόνος
369 2053 402 2113 τὸ
427 2052 588 2137 βλαβερὸν,
612 2053 648 2115 οδ
671 2054 704 2115 τδ
726 2052 884 2135 σύμφορον
908 2051 1007 2113 λαλεῖ.
1026 2132 1029 2138 ¹

223 2133 348 2203 Φθόνος
368 2136 468 2219 λάθρα
493 2137 559 2220 μὲν,
582 2139 741 2221 δυσμενῶς
763 2136 792 2197 δ’
817 2136 978 2220 ὀργίζεται

219 2220 363 2283 Ἀνεκτδν
384 2220 611 2305 εὐψύχοισιν,ἧ
637 2224 750 2305 μάκαρι
767 2219 891 2305 φθόνος.

221 2304 367 2389 Παριδὼν
389 2306 422 2368 τὸ
444 2305 644 2391 πλημμέλημ’
670 2306 852 2391 ἁμαρτάνειν
874 2304 980 2373 ποιεῖς.
1079 2346 1081 2352 ·

218 2387 342 2454 Ἀκοντ’
368 2390 485 2474 ἐρύκων
509 2391 648 2461 ἐκκαλεῖς
668 2390 788 2460 ἐξιέναι.

220 2471 334 2558 Ὀργὴν
355 2475 509 2558 φυλάττου
531 2475 661 2560 βραχέα,
688 2475 741 2559 τὴν
764 2473 879 2558 ἔχθραν
904 2472 937 2537 δ’
959 2472 1018 2536 ἀεί.
1051 2492 1054 2498 ·

223 2556 454 2642 Χολουμένοισι
473 2559 574 2643 τόλμα
595 2561 646 2623 καὶ
664 2560 767 2708 βουλὴ
791 2559 885 2620 δοκεῖ.

223 2641 358 2725 Παθρων
383 2639 530 2726 δεόμενός
550 2645 639 2721 ἐστιν,
683 2667 697 2713 ς
718 2643 845 2728 παύρων
870 2638 937 2748 ἐρβ.

223 2724 277 2810 Μὴ
303 2725 378 2811 δρᾷν
401 2751 439 2807 τι,
465 2729 571 2811 μίσους
591 2731 670 2794 ὥστε
694 2731 822 2812 πάσχειν
847 2725 874 2787 σ’
900 2727 980 2797 αΕια.

223 2810 402 2888 Πίστευσον,
426 2816 468 2880 ὡς
488 2814 527 2896 μὴ
552 2814 685 2897 δυσμενῆ
704 2812 845 2887 κτᾶσθαι,
866 2812 957 2897 ιριλιρ.

223 2893 342 2958 Γένυιτ’
369 2894 404 2958 ἂν
427 2895 517 2960 οὐδὲν
538 2897 609 2979 ἡδὺ,
633 2900 710 2981 πλὴν
732 2898 767 2960 ἐκ
789 2897 971 2981 μεταβολῆς.

222 2977 345 3043 Σαυτοῦ
364 2979 517 3062 κατέγνως
538 2981 642 3045 ἄδικον
667 2983 824 3058 ἀπολύων,
846 2982 942 3064 κριτά.

217 3063 365 3147 Ἀλγησις
386 3065 508 3149 ἐχθρῶν
531 3067 729 3150 ἠδικημένοις
748 3065 830 3135 άκυς.

224 3144 323 3228 Οὐδὲν
348 3148 467 3232 μέτεστι
487 3151 587 3213 κοινὸν
608 3149 683 3236 αἴνῳ
706 3152 757 3214 καὶ
776 3156 888 3258 τρυρῇ.

217 3229 323 3316 Ἐββει
340 3235 472 3301 παλαιὸς
496 3233 589 3309 αἶνος,
609 3236 646 3320 ἢν
670 3236 711 3319 μὴ
737 3233 806 3303 νέος
824 3254 894 3318 ορη.

218 3314 344 3383 Ἀδικοτ
367 3316 461 3400 νόμον
485 3317 633 3394 δέδοικεν,
660 3321 720 3384 ὁδ’
744 3319 849 3387 ἀθῶυς
871 3317 977 3402 τύχην.

224 3397 271 3462 Τὰ
292 3399 414 3466 δοθέντ’
430 3403 563 3466 ’ἀπαιτεῖ
580 3403 833 3488 μεταμελουμένη
855 3400 944 3484 τάχη.

219 3479 258 3546 Ὁ
281 3489 335 3546 τοῦ
351 3485 495 3567 γενέσθαι
515 3488 565 3551 καὶ
588 3488 704 3566 θανεῖν,
724 3489 826 3554 κοινδς
847 3484 950 3566 νόμος.

224 3566 344 3636 Πάντας
364 3571 494 3654 δαμάζει
514 3572 566 3634 καὶ
587 3575 620 3636 τὸ
644 3579 743 3656 νεῦμα
762 3576 814 3655 τῆς
836 3572 962 3652 τροφῆς·

224 3648 333 3737 Τρυφὴ
353 3657 511 3740 χαρακτὴρ
534 3657 576 3718 ὧν
598 3656 662 3739 γ’ὁ
683 3662 755 3724 νοῦς
773 3657 891 3735 κοῦφος
910 3655 1026 3737 φρονεῖ.

224 3732 331 3801 Κακοῦ
352 3741 510 3825 χαρακτὴρ
530 3743 658 3823 γλῶσσα
678 3746 733 3804 νοῦ
755 3735 957 3820 κακίστομος.

872 3837 935 3898 16·
