2884 4650
586 547 738 642 grs—

459 706 498 773 ‘0
520 711 588 793 πρὶν
611 712 861 793 ἀμαλθάκτοισιν.
1021 718 1118 799 ulo)
1201 746 1208 757 ¹

204 792 261 852 lille
284 813 339 872 ego
360 805 461 855 mente
483 798 548 856 fera
567 800 618 873 qui
640 800 792 875 quondam
814 801 927 875 pubere
947 801 980 859 in
999 822 1076 864 aevo

246 879 437 941 Flexauimis
457 882 596 960 Paphiae
616 883 736 963 legibus
759 904 851 961 asper
873 904 966 957 eram,

203 962 261 1022 Ille
283 964 461 1042 Cupidineis
484 968 649 1045 impervius
669 979 740 1028 ante
763 971 894 1047 sagittis,

247 1050 312 1107 Iam
335 1052 440 1111 senior
464 1060 516 1111 tua
537 1072 586 1111 me
610 1056 665 1113 sub
688 1055 760 1131 iuga
779 1056 874 1127 mitto,
898 1055 1013 1114 Venus.

203 1136 317 1211 Accipe
339 1155 388 1194 me
407 1136 521 1197 ridens.
543 1137 615 1198 Non
638 1148 699 1197 tam
723 1140 806 1215 prius
824 1139 939 1216 inclyta
960 1140 1040 1199 malo

247 1218 464 1297 Hesperidum,
484 1240 575 1299 quam
594 1243 674 1282 nunc
693 1224 773 1283 victa
795 1225 933 1284 Minerva
950 1226 1004 1283 tibi
1026 1232 1083 1284 est.

475 1385 537 1459 Nol
555 1388 636 1474 τάχα
659 1389 835 1472 τανταλέης.
1019 1394 1117 1473 ζ(41)

203 1471 272 1532 Nae
294 1492 489 1551 quaecuuque
512 1476 595 1535 ridet
612 1477 754 1536 Acheron
777 1479 951 1554 spectacula
971 1498 1087 1555 poenae

248 1558 454 1637 Tantaleao[‚]
476 1562 590 1622 nostris
612 1570 683 1621 sunt
702 1563 819 1621 leviora
841 1564 940 1623 malis.

203 1644 285 1703 Nam
307 1645 601 1723 nulloprohibente,
621 1648 685 1706 suis
705 1655 757 1705 tua
778 1648 875 1722 labra,
896 1649 1003 1709 videns
1025 1657 1067 1722 te,

247 1728 436 1803 consereret,
458 1750 552 1789 verna
571 1732 716 1790 lucidiora
735 1751 819 1805 rosa,

204 1815 352 1873 Tantalus
376 1835 585 1876 aerumnosus.
605 1820 648 1876 At
667 1818 737 1875 huic
758 1817 838 1895 lapis
861 1818 1009 1876 imminet:
1030 1818 1115 1877 illum

246 1899 371 1959 Horret.
393 1900 441 1959 Ita
463 1910 519 1960 est.
541 1903 652 1959 lterum
673 1903 728 1961 sed
751 1903 855 1977 nequit
875 1904 928 1961 ille
950 1904 1038 1961 mori.

203 1990 245 2047 At
266 1986 355 2045 nobis
378 1987 454 2045 vivis
470 1986 622 2062 liquantur
642 1988 778 2045 membra
798 1988 912 2046 furore:

245 2070 369 2129 Viribus
393 2073 549 2131 exhaustis
573 2090 656 2130 mors
679 2073 859 2148 propiorque
876 2073 967 2131 venit.

428 2234 583 2321 Ἔσβέσθη
609 2240 776 2321 plo-sepeio
799 2237 904 2318 πυρὸς.
1019 2241 1116 2321 (m)

203 2322 334 2401 Dilapsa
355 2333 403 2384 est
422 2346 490 2384 mea
510 2327 642 2400 flamma,
662 2344 718 2384 nec
733 2324 863 2403 amplius
877 2333 982 2386 aestuo
995 2329 1114 2402 morbo,

246 2410 282 2468 In
304 2410 432 2470 Veneris
456 2413 573 2470 cineres
597 2413 651 2472 scd
671 2413 840 2489 tepefactus
864 2429 911 2469 eos

204 2496 337 2557 Ossibus
362 2505 391 2553 et
410 2497 521 2572 penitis
545 2497 625 2554 nuda
648 2506 727 2570 cute,
750 2496 860 2553 mentis
885 2503 915 2553 et
932 2497 1001 2556 imis

246 2578 394 2641 Sensibus
417 2582 576 2640 insinuans
598 2589 678 2640 errat
700 2581 829 2639 anhelus
842 2577 951 2638 ‘amour
975 2653 980 2660 ι

202 2665 335 2724 Victima
356 2667 401 2724 sic
419 2674 577 2742 postquam
598 2668 692 2726 estin
714 2666 810 2725 sacris
832 2665 902 2743 igne
923 2675 1040 2741 vorata,

245 2749 359 2827 Sponte
380 2769 434 2810 suo
453 2752 576 2824 residet,
601 2769 668 2810 cnm
688 2759 771 2826 tepet
794 2769 874 2823 esca,
896 2750 988 2811 furor.

462 2914 588 3000 Ὢμοσα
610 2918 768 3000 μιμνάζειν
792 2939 858 2979 σεο.
1017 2920 1115 3006 ζ(13)

203 3003 345 3062 Iurabam
365 3014 480 3078 sancte,
503 3005 551 3064 bis
574 3023 638 3078 sex,
660 3025 717 3082 pro
737 3005 852 3081 Iupiter
872 3013 902 3064 et
920 3006 962 3079 di,

247 3088 315 3146 Lux
335 3108 413 3163 mea,
436 3091 580 3149 luciferos
602 3090 681 3148 velle
702 3108 805 3148 carere
827 3091 880 3148 tui.

203 3173 274 3234 Nou
294 3176 388 3249 potui.
410 3176 488 3236 Visa
504 3184 552 3235 est
572 3176 625 3233 lux
646 3176 767 3253 longior
788 3175 953 3234 alteratis
975 3195 1031 3234 sex

165 3281 171 3286 ·
246 3260 420 3320 Mensibus:
441 3261 546 3320 adiuro
568 3269 656 3336 teque
677 3270 820 3336 tuumque
843 3267 942 3337 caput.

205 3344 264 3416 To,
284 3363 324 3401 ne
342 3347 531 3422 perscribant
550 3347 667 3405 ultricis
687 3347 719 3403 in
742 3364 874 3421 aequore
898 3345 1019 3401 chartae

246 3428 324 3502 Hoc,
347 3431 428 3505 quod
446 3431 554 3505 iuravi,
573 3432 630 3490 rite
650 3449 777 3508 precare
798 3430 891 3488 Deos.

203 3517 303 3590 Atque
323 3516 381 3575 tuis
404 3517 501 3575 mulce
523 3535 582 3590 me,
605 3517 729 3588 blanda,
750 3514 918 3591 leporibus,
940 3519 974 3568 ut
992 3532 1031 3570 ue

187 3599 192 3609 '
246 3600 297 3657 Me
321 3619 462 3676 superum
478 3602 610 3677 'perdant
630 3611 661 3660 et
682 3609 735 3658 tua
758 3600 853 3675 flagra
874 3596 974 3656 simul.

853 3778 892 3840 ts
