<?xml version="1.0" encoding="UTF-8"?>
<!DOCTYPE html PUBLIC "-//W3C//DTD XHTML 1.0 Transitional//EN"
    "http://www.w3.org/TR/xhtml1/DTD/xhtml1-transitional.dtd">
<html xmlns="http://www.w3.org/1999/xhtml" xml:lang="en" lang="en">
 <head>
  <title>
</title>
<meta http-equiv="Content-Type" content="text/html;charset=utf-8" />
  <meta name='ocr-system' content='tesseract 3.04.00' />
  <meta name='ocr-capabilities' content='ocr_page ocr_carea ocr_par ocr_line ocrx_word'/>
</head>
<body>
  <div class='ocr_page' id='page_1' title='image "./poemataomnia00scalgoog_0398.png"; bbox 0 0 2884 4650; ppageno 0'>
   <div class='ocr_carea' id='block_1_1' title="bbox 584 532 735 628">
    <p class='ocr_par' dir='ltr' id='par_1_1' title="bbox 584 532 735 628">
     <span class='ocr_line' id='line_1_1' title="bbox 584 532 735 628; baseline -0.02 0"><span class='ocrx_word' id='word_1_1' title='bbox 584 532 735 628; x_wconf 54' lang='lat' dir='ltr'><strong>aa.</strong></span> 
     </span>
    </p>
   </div>
   <div class='ocr_carea' id='block_1_2' title="bbox 197 700 1040 2902">
    <p class='ocr_par' dir='ltr' id='par_1_2' title="bbox 197 700 925 778">
     <span class='ocr_line' id='line_1_2' title="bbox 197 700 925 778; baseline 0.004 -21"><span class='ocrx_word' id='word_1_2' title='bbox 197 700 324 759; x_wconf 85' lang='lat' dir='ltr'><strong>Venans</strong></span> <span class='ocrx_word' id='word_1_3' title='bbox 343 700 475 758; x_wconf 87' lang='lat' dir='ltr'><strong>carinam</strong></span> <span class='ocrx_word' id='word_1_4' title='bbox 498 701 628 774; x_wconf 88' lang='lat' dir='ltr'><strong>perfidae</strong></span> <span class='ocrx_word' id='word_1_5' title='bbox 651 720 783 778; x_wconf 79' lang='lat' dir='ltr'>sponsae</span> <span class='ocrx_word' id='word_1_6' title='bbox 802 703 925 760; x_wconf 82' lang='lat' dir='ltr'><strong>veham:</strong></span> 
     </span>
    </p>

    <p class='ocr_par' dir='ltr' id='par_1_3' title="bbox 197 785 1009 1204">
     <span class='ocr_line' id='line_1_3' title="bbox 200 785 897 862; baseline 0.001 -19"><span class='ocrx_word' id='word_1_7' title='bbox 200 786 262 861; x_wconf 81' lang='lat' dir='ltr'><strong>Qui</strong></span> <span class='ocrx_word' id='word_1_8' title='bbox 285 785 443 862; x_wconf 92' lang='lat' dir='ltr'><strong>limpidum</strong></span> <span class='ocrx_word' id='word_1_9' title='bbox 464 785 621 844; x_wconf 79' lang='lat' dir='ltr'><strong>accoluere</strong></span> <span class='ocrx_word' id='word_1_10' title='bbox 642 786 748 844; x_wconf 86' lang='lat' dir='ltr'><strong>Dizeri</strong></span> <span class='ocrx_word' id='word_1_11' title='bbox 769 786 897 845; x_wconf 86' lang='lat' dir='ltr'><strong>alveum.</strong></span> 
     </span>
     <span class='ocr_line' id='line_1_4' title="bbox 198 869 1009 945; baseline -0.002 -16"><span class='ocrx_word' id='word_1_12' title='bbox 198 869 334 929; x_wconf 87' lang='lat' dir='ltr'><strong>Melitem</strong></span> <span class='ocrx_word' id='word_1_13' title='bbox 353 870 484 928; x_wconf 89' lang='lat' dir='ltr'><strong>insulam</strong></span> <span class='ocrx_word' id='word_1_14' title='bbox 508 870 560 927; x_wconf 90' lang='lat' dir='ltr'><strong>alii</strong></span> <span class='ocrx_word' id='word_1_15' title='bbox 582 891 643 929; x_wconf 92' lang='lat' dir='ltr'><strong>non</strong></span> <span class='ocrx_word' id='word_1_16' title='bbox 666 874 704 930; x_wconf 87' lang='lat' dir='ltr'><strong>ab</strong></span> <span class='ocrx_word' id='word_1_17' title='bbox 730 872 882 931; x_wconf 86' lang='lat' dir='ltr'><strong>Orthrono</strong></span> <span class='ocrx_word' id='word_1_18' title='bbox 904 871 1009 945; x_wconf 86' lang='lat' dir='ltr'><strong>procul</strong></span> 
     </span>
     <span class='ocr_line' id='line_1_5' title="bbox 198 956 898 1034; baseline 0.001 -20"><span class='ocrx_word' id='word_1_19' title='bbox 198 956 279 1032; x_wconf 84' lang='lat' dir='ltr'><strong>Vagi</strong></span> <span class='ocrx_word' id='word_1_20' title='bbox 302 956 495 1027; x_wconf 82' lang='lat' dir='ltr'><strong>obsidebunt,</strong></span> <span class='ocrx_word' id='word_1_21' title='bbox 519 974 607 1029; x_wconf 87' lang='lat' dir='ltr'><strong>quam</strong></span> <span class='ocrx_word' id='word_1_22' title='bbox 628 957 729 1034; x_wconf 86' lang='lat' dir='ltr'><strong>iugosi</strong></span> <span class='ocrx_word' id='word_1_23' title='bbox 752 957 898 1033; x_wconf 90' lang='lat' dir='ltr'><strong>plurimus</strong></span> 
     </span>
     <span class='ocr_line' id='line_1_6' title="bbox 199 1038 887 1120; baseline 0.001 -22"><span class='ocrx_word' id='word_1_24' title='bbox 199 1038 322 1099; x_wconf 87' lang='lat' dir='ltr'><strong>Circum</strong></span> <span class='ocrx_word' id='word_1_25' title='bbox 340 1040 476 1116; x_wconf 84' lang='lat' dir='ltr'>Pachyni</span> <span class='ocrx_word' id='word_1_26' title='bbox 499 1038 627 1120; x_wconf 81' lang='lat' dir='ltr'><strong>Sicanos</strong></span> <span class='ocrx_word' id='word_1_27' title='bbox 647 1042 755 1099; x_wconf 84' lang='lat' dir='ltr'>lambit</span> <span class='ocrx_word' id='word_1_28' title='bbox 776 1042 887 1116; x_wconf 83' lang='lat' dir='ltr'><strong>liquor,</strong></span> 
     </span>
     <span class='ocr_line' id='line_1_7' title="bbox 197 1127 896 1204; baseline 0.001 -20"><span class='ocrx_word' id='word_1_29' title='bbox 197 1130 309 1185; x_wconf 84' lang='lat' dir='ltr'><strong>Arcem</strong></span> <span class='ocrx_word' id='word_1_30' title='bbox 331 1134 486 1202; x_wconf 83' lang='lat' dir='ltr'><strong>petrosam</strong></span> <span class='ocrx_word' id='word_1_31' title='bbox 508 1127 663 1185; x_wconf 76' lang='lat' dir='ltr'><strong>ruminans</strong></span> <span class='ocrx_word' id='word_1_32' title='bbox 686 1127 896 1204; x_wconf 83' lang='lat' dir='ltr'><strong>cognominem</strong></span> 
     </span>
    </p>

    <p class='ocr_par' dir='ltr' id='par_1_4' title="bbox 200 1209 682 1286">
     <span class='ocr_line' id='line_1_8' title="bbox 200 1209 682 1286; baseline -0.006 -15"><span class='ocrx_word' id='word_1_33' title='bbox 200 1210 284 1271; x_wconf 90' lang='lat' dir='ltr'><strong>Olim</strong></span> <span class='ocrx_word' id='word_1_34' title='bbox 303 1211 432 1269; x_wconf 85' lang='lat' dir='ltr'><strong>futuram</strong></span> <span class='ocrx_word' id='word_1_35' title='bbox 453 1209 596 1286; x_wconf 87' lang='lat' dir='ltr'><strong>Sisyphei</strong></span> <span class='ocrx_word' id='word_1_36' title='bbox 616 1211 682 1283; x_wconf 85' lang='lat' dir='ltr'><strong>filii,</strong></span> 
     </span>
    </p>

    <p class='ocr_par' dir='ltr' id='par_1_5' title="bbox 200 1295 881 1373">
     <span class='ocr_line' id='line_1_9' title="bbox 200 1295 881 1373; baseline 0 -18"><span class='ocrx_word' id='word_1_37' title='bbox 200 1295 314 1355; x_wconf 81' lang='lat' dir='ltr'><strong>Curitis</strong></span> <span class='ocrx_word' id='word_1_38' title='bbox 336 1296 425 1353; x_wconf 91' lang='lat' dir='ltr'><strong>etiam</strong></span> <span class='ocrx_word' id='word_1_39' title='bbox 445 1296 580 1372; x_wconf 79' lang='lat' dir='ltr'>Virginis</span> <span class='ocrx_word' id='word_1_40' title='bbox 604 1296 770 1373; x_wconf 75' lang='lat' dir='ltr'><strong>splendens</strong></span> <span class='ocrx_word' id='word_1_41' title='bbox 793 1316 881 1373; x_wconf 85' lang='lat' dir='ltr'><strong>opus,</strong></span> 
     </span>
    </p>

    <p class='ocr_par' dir='ltr' id='par_1_6' title="bbox 201 1380 1040 1967">
     <span class='ocr_line' id='line_1_10' title="bbox 201 1380 935 1460; baseline 0.003 -21"><span class='ocrx_word' id='word_1_42' title='bbox 201 1382 271 1458; x_wconf 82' lang='lat' dir='ltr'><strong>Qua</strong></span> <span class='ocrx_word' id='word_1_43' title='bbox 290 1381 386 1439; x_wconf 92' lang='lat' dir='ltr'><strong>vomit</strong></span> <span class='ocrx_word' id='word_1_44' title='bbox 407 1380 541 1439; x_wconf 82' lang='lat' dir='ltr'><strong>Helorus</strong></span> <span class='ocrx_word' id='word_1_45' title='bbox 561 1382 755 1459; x_wconf 84' lang='lat' dir='ltr'><strong>frigerantem</strong></span> <span class='ocrx_word' id='word_1_46' title='bbox 779 1384 935 1460; x_wconf 84' lang='lat' dir='ltr'><strong>gurgitem.</strong></span> 
     </span>
     <span class='ocr_line' id='line_1_11' title="bbox 203 1466 909 1543; baseline 0 -18"><span class='ocrx_word' id='word_1_47' title='bbox 203 1467 261 1525; x_wconf 74' lang='lat' dir='ltr'><strong>Avi</strong></span> <span class='ocrx_word' id='word_1_48' title='bbox 280 1474 430 1543; x_wconf 87' lang='lat' dir='ltr'><strong>peremtor</strong></span> <span class='ocrx_word' id='word_1_49' title='bbox 447 1466 551 1541; x_wconf 88' lang='lat' dir='ltr'><strong>hirpus</strong></span> <span class='ocrx_word' id='word_1_50' title='bbox 576 1467 763 1526; x_wconf 90' lang='lat' dir='ltr'><strong>Orthronum</strong></span> <span class='ocrx_word' id='word_1_51' title='bbox 785 1467 909 1540; x_wconf 83' lang='lat' dir='ltr'><strong>incolet,</strong></span> 
     </span>
     <span class='ocr_line' id='line_1_12' title="bbox 203 1550 1040 1630; baseline 0.005 -22"><span class='ocrx_word' id='word_1_52' title='bbox 203 1550 298 1609; x_wconf 90' lang='lat' dir='ltr'><strong>Patrii</strong></span> <span class='ocrx_word' id='word_1_53' title='bbox 319 1550 424 1627; x_wconf 87' lang='lat' dir='ltr'><strong>procul</strong></span> <span class='ocrx_word' id='word_1_54' title='bbox 443 1552 555 1609; x_wconf 86' lang='lat' dir='ltr'><strong>fluenta</strong></span> <span class='ocrx_word' id='word_1_55' title='bbox 578 1551 746 1629; x_wconf 84' lang='lat' dir='ltr'><strong>Coscynthi</strong></span> <span class='ocrx_word' id='word_1_56' title='bbox 768 1562 927 1630; x_wconf 78' lang='lat' dir='ltr'><strong>expetens,</strong></span> <span class='ocrx_word' id='word_1_57' title='bbox 1035 1616 1040 1626; x_wconf 35' lang='lat'><strong>⁴</strong></span> 
     </span>
     <span class='ocr_line' id='line_1_13' title="bbox 204 1635 882 1712; baseline 0.006 -19"><span class='ocrx_word' id='word_1_58' title='bbox 204 1636 245 1693; x_wconf 84' lang='lat' dir='ltr'><strong>Et</strong></span> <span class='ocrx_word' id='word_1_59' title='bbox 261 1638 293 1693; x_wconf 93' lang='lat' dir='ltr'><strong>in</strong></span> <span class='ocrx_word' id='word_1_60' title='bbox 315 1635 458 1711; x_wconf 90' lang='lat' dir='ltr'><strong>procellis</strong></span> <span class='ocrx_word' id='word_1_61' title='bbox 482 1655 627 1712; x_wconf 85' lang='lat' dir='ltr'><strong>scrupeae</strong></span> <span class='ocrx_word' id='word_1_62' title='bbox 649 1638 723 1696; x_wconf 90' lang='lat' dir='ltr'><strong>moli</strong></span> <span class='ocrx_word' id='word_1_63' title='bbox 745 1638 882 1697; x_wconf 88' lang='lat' dir='ltr'><strong>insidens</strong></span> 
     </span>
     <span class='ocr_line' id='line_1_14' title="bbox 205 1718 894 1798; baseline 0.004 -19"><span class='ocrx_word' id='word_1_64' title='bbox 205 1718 343 1780; x_wconf 81' lang='lat' dir='ltr'><strong>Classem</strong></span> <span class='ocrx_word' id='word_1_65' title='bbox 365 1722 525 1796; x_wconf 86' lang='lat' dir='ltr'><strong>imperabit</strong></span> <span class='ocrx_word' id='word_1_66' title='bbox 545 1723 745 1798; x_wconf 77' lang='lat' dir='ltr'><strong>ravigundam</strong></span> <span class='ocrx_word' id='word_1_67' title='bbox 768 1724 894 1782; x_wconf 88' lang='lat' dir='ltr'><strong>civibus.</strong></span> 
     </span>
     <span class='ocr_line' id='line_1_15' title="bbox 205 1804 1023 1885; baseline 0.002 -22"><span class='ocrx_word' id='word_1_68' title='bbox 205 1804 316 1863; x_wconf 84' lang='lat' dir='ltr'><strong>Terrae</strong></span> <span class='ocrx_word' id='word_1_69' title='bbox 337 1815 482 1882; x_wconf 90' lang='lat' dir='ltr'><strong>paternae</strong></span> <span class='ocrx_word' id='word_1_70' title='bbox 504 1825 631 1882; x_wconf 87' lang='lat' dir='ltr'><strong>namque</strong></span> <span class='ocrx_word' id='word_1_71' title='bbox 655 1827 716 1865; x_wconf 89' lang='lat' dir='ltr'><strong>non</strong></span> <span class='ocrx_word' id='word_1_72' title='bbox 740 1828 852 1866; x_wconf 88' lang='lat' dir='ltr'><strong>annum</strong></span> <span class='ocrx_word' id='word_1_73' title='bbox 873 1809 1023 1885; x_wconf 86' lang='lat' dir='ltr'><strong>integrum</strong></span> 
     </span>
     <span class='ocr_line' id='line_1_16' title="bbox 202 1890 730 1967; baseline 0.002 -19"><span class='ocrx_word' id='word_1_74' title='bbox 202 1890 424 1949; x_wconf 87' lang='lat' dir='ltr'><strong>Perduellicnis</strong></span> <span class='ocrx_word' id='word_1_75' title='bbox 446 1892 545 1967; x_wconf 91' lang='lat' dir='ltr'><strong>patria</strong></span> <span class='ocrx_word' id='word_1_76' title='bbox 566 1911 649 1949; x_wconf 88' lang='lat' dir='ltr'><strong>reum</strong></span> <span class='ocrx_word' id='word_1_77' title='bbox 671 1892 730 1949; x_wconf 88' lang='lat' dir='ltr'><strong>frui</strong></span> 
     </span>
    </p>

    <p class='ocr_par' dir='ltr' id='par_1_7' title="bbox 204 1974 886 2119">
     <span class='ocr_line' id='line_1_17' title="bbox 206 1974 886 2051; baseline -0.001 -16"><span class='ocrx_word' id='word_1_78' title='bbox 206 1974 369 2051; x_wconf 89' lang='lat' dir='ltr'><strong>Sequestra</strong></span> <span class='ocrx_word' id='word_1_79' title='bbox 390 1976 487 2033; x_wconf 89' lang='lat' dir='ltr'><strong>iustae</strong></span> <span class='ocrx_word' id='word_1_80' title='bbox 509 1976 601 2034; x_wconf 87' lang='lat' dir='ltr'><strong>Furia</strong></span> <span class='ocrx_word' id='word_1_81' title='bbox 623 1977 772 2034; x_wconf 66' lang='lat' dir='ltr'><strong>undictae</strong></span> <span class='ocrx_word' id='word_1_82' title='bbox 795 1978 886 2049; x_wconf 75' lang='lat' dir='ltr'><strong>sinat,</strong></span> 
     </span>
     <span class='ocr_line' id='line_1_18' title="bbox 204 2061 749 2119; baseline 0.002 -1"><span class='ocrx_word' id='word_1_83' title='bbox 204 2061 340 2119; x_wconf 87' lang='lat' dir='ltr'><strong>Ladonis</strong></span> <span class='ocrx_word' id='word_1_84' title='bbox 360 2061 411 2118; x_wconf 92' lang='lat' dir='ltr'><strong>udi</strong></span> <span class='ocrx_word' id='word_1_85' title='bbox 435 2061 518 2118; x_wconf 91' lang='lat' dir='ltr'><strong>larva</strong></span> <span class='ocrx_word' id='word_1_86' title='bbox 537 2062 614 2119; x_wconf 88' lang='lat' dir='ltr'><strong>roris</strong></span> <span class='ocrx_word' id='word_1_87' title='bbox 636 2062 749 2119; x_wconf 88' lang='lat' dir='ltr'><strong>accola.</strong></span> 
     </span>
    </p>

    <p class='ocr_par' dir='ltr' id='par_1_8' title="bbox 202 2146 938 2650">
     <span class='ocr_line' id='line_1_19' title="bbox 204 2146 889 2224; baseline -0.004 -19"><span class='ocrx_word' id='word_1_88' title='bbox 204 2148 245 2206; x_wconf 84' lang='lat' dir='ltr'><strong>Et</strong></span> <span class='ocrx_word' id='word_1_89' title='bbox 262 2146 332 2204; x_wconf 92' lang='lat' dir='ltr'><strong>inde</strong></span> <span class='ocrx_word' id='word_1_90' title='bbox 351 2146 449 2203; x_wconf 90' lang='lat' dir='ltr'><strong>vitans</strong></span> <span class='ocrx_word' id='word_1_91' title='bbox 472 2146 620 2221; x_wconf 89' lang='lat' dir='ltr'><strong>praelium</strong></span> <span class='ocrx_word' id='word_1_92' title='bbox 643 2146 889 2224; x_wconf 85' lang='lat' dir='ltr'><strong>anguiformium‚</strong></span> 
     </span>
     <span class='ocr_line' id='line_1_20' title="bbox 204 2231 812 2308; baseline -0.003 -17"><span class='ocrx_word' id='word_1_93' title='bbox 204 2231 368 2291; x_wconf 86' lang='lat' dir='ltr'><strong>Abantiam</strong></span> <span class='ocrx_word' id='word_1_94' title='bbox 388 2239 461 2307; x_wconf 93' lang='lat' dir='ltr'><strong>post</strong></span> <span class='ocrx_word' id='word_1_95' title='bbox 480 2232 634 2308; x_wconf 83' lang='lat' dir='ltr'><strong>navigabit</strong></span> <span class='ocrx_word' id='word_1_96' title='bbox 655 2233 812 2308; x_wconf 84' lang='lat' dir='ltr'><strong>oppidum,</strong></span> 
     </span>
     <span class='ocr_line' id='line_1_21' title="bbox 202 2315 938 2394; baseline -0.005 -19"><span class='ocrx_word' id='word_1_97' title='bbox 202 2318 401 2393; x_wconf 90' lang='lat' dir='ltr'><strong>Ventansque</strong></span> <span class='ocrx_word' id='word_1_98' title='bbox 424 2317 547 2394; x_wconf 89' lang='lat' dir='ltr'><strong>propius</strong></span> <span class='ocrx_word' id='word_1_99' title='bbox 569 2327 679 2375; x_wconf 87' lang='lat' dir='ltr'><strong>terram</strong></span> <span class='ocrx_word' id='word_1_100' title='bbox 702 2315 938 2386; x_wconf 68' lang='lat' dir='ltr'><strong>altitonensium,</strong></span> 
     </span>
     <span class='ocr_line' id='line_1_22' title="bbox 205 2402 901 2478; baseline -0.004 -17"><span class='ocrx_word' id='word_1_101' title='bbox 205 2404 254 2461; x_wconf 85' lang='lat' dir='ltr'><strong>Ad</strong></span> <span class='ocrx_word' id='word_1_102' title='bbox 275 2403 358 2462; x_wconf 90' lang='lat' dir='ltr'><strong>littus</strong></span> <span class='ocrx_word' id='word_1_103' title='bbox 380 2404 479 2478; x_wconf 89' lang='lat' dir='ltr'><strong>ipsum</strong></span> <span class='ocrx_word' id='word_1_104' title='bbox 502 2403 619 2460; x_wconf 84' lang='lat' dir='ltr'><strong>culmen</strong></span> <span class='ocrx_word' id='word_1_105' title='bbox 640 2404 766 2461; x_wconf 90' lang='lat' dir='ltr'><strong>arduum</strong></span> <span class='ocrx_word' id='word_1_106' title='bbox 786 2402 901 2460; x_wconf 89' lang='lat' dir='ltr'><strong>incolet</strong></span> 
     </span>
     <span class='ocr_line' id='line_1_23' title="bbox 205 2486 866 2564; baseline -0.005 -18"><span class='ocrx_word' id='word_1_107' title='bbox 205 2489 321 2546; x_wconf 90' lang='lat' dir='ltr'><strong>Libana</strong></span> <span class='ocrx_word' id='word_1_108' title='bbox 344 2487 527 2564; x_wconf 85' lang='lat' dir='ltr'><strong>Polyanthei</strong></span> <span class='ocrx_word' id='word_1_109' title='bbox 547 2486 713 2546; x_wconf 83' lang='lat' dir='ltr'><strong>Obsonitae</strong></span> <span class='ocrx_word' id='word_1_110' title='bbox 733 2489 866 2546; x_wconf 90' lang='lat' dir='ltr'><strong>flumina.</strong></span> 
     </span>
     <span class='ocr_line' id='line_1_24' title="bbox 204 2571 840 2650; baseline -0.005 -19"><span class='ocrx_word' id='word_1_111' title='bbox 204 2571 379 2632; x_wconf 80' lang='lat' dir='ltr'><strong>Calchantis</strong></span> <span class='ocrx_word' id='word_1_112' title='bbox 402 2573 484 2647; x_wconf 90' lang='lat' dir='ltr'><strong>atqui</strong></span> <span class='ocrx_word' id='word_1_113' title='bbox 505 2575 593 2631; x_wconf 86' lang='lat' dir='ltr'><strong>busta</strong></span> <span class='ocrx_word' id='word_1_114' title='bbox 614 2582 740 2650; x_wconf 90' lang='lat' dir='ltr'><strong>propter</strong></span> <span class='ocrx_word' id='word_1_115' title='bbox 763 2573 840 2630; x_wconf 89' lang='lat' dir='ltr'><strong>Itala</strong></span> 
     </span>
    </p>

    <p class='ocr_par' dir='ltr' id='par_1_9' title="bbox 201 2657 888 2902">
     <span class='ocr_line' id='line_1_25' title="bbox 201 2657 888 2732; baseline -0.001 -16"><span class='ocrx_word' id='word_1_116' title='bbox 201 2659 343 2717; x_wconf 82' lang='lat' dir='ltr'><strong>Fratrum</strong></span> <span class='ocrx_word' id='word_1_117' title='bbox 366 2658 455 2715; x_wconf 90' lang='lat' dir='ltr'><strong>duum</strong></span> <span class='ocrx_word' id='word_1_118' title='bbox 478 2658 633 2716; x_wconf 89' lang='lat' dir='ltr'><strong>mendacis</strong></span> <span class='ocrx_word' id='word_1_119' title='bbox 656 2659 733 2716; x_wconf 84' lang='lat' dir='ltr'><strong>alter</strong></span> <span class='ocrx_word' id='word_1_120' title='bbox 754 2657 888 2732; x_wconf 72' lang='lat' dir='ltr'><strong>cespitis,</strong></span> 
     </span>
     <span class='ocr_line' id='line_1_26' title="bbox 203 2742 838 2818; baseline -0.003 -16"><span class='ocrx_word' id='word_1_121' title='bbox 203 2743 366 2802; x_wconf 86' lang='lat' dir='ltr'><strong>Tumulum</strong></span> <span class='ocrx_word' id='word_1_122' title='bbox 387 2742 515 2818; x_wconf 91' lang='lat' dir='ltr'><strong>sepultis</strong></span> <span class='ocrx_word' id='word_1_123' title='bbox 537 2744 681 2800; x_wconf 86' lang='lat' dir='ltr'><strong>excitabit</strong></span> <span class='ocrx_word' id='word_1_124' title='bbox 701 2744 838 2801; x_wconf 79' lang='lat' dir='ltr'><strong>ossibus:</strong></span> 
     </span>
     <span class='ocr_line' id='line_1_27' title="bbox 203 2828 876 2902; baseline -0.004 -15"><span class='ocrx_word' id='word_1_125' title='bbox 203 2829 391 2902; x_wconf 89' lang='lat' dir='ltr'><strong>Bustnmque</strong></span> <span class='ocrx_word' id='word_1_126' title='bbox 415 2828 508 2886; x_wconf 84' lang='lat' dir='ltr'><strong>ovillo</strong></span> <span class='ocrx_word' id='word_1_127' title='bbox 531 2828 643 2886; x_wconf 87' lang='lat' dir='ltr'><strong>vellere</strong></span> <span class='ocrx_word' id='word_1_128' title='bbox 662 2828 876 2885; x_wconf 89' lang='lat' dir='ltr'><strong>incubantibus</strong></span> 
     </span>
    </p>
   </div>
   <div class='ocr_carea' id='block_1_3' title="bbox 114 2913 850 2989">
    <p class='ocr_par' dir='ltr' id='par_1_10' title="bbox 114 2913 850 2989">
     <span class='ocr_line' id='line_1_28' title="bbox 114 2913 850 2989; baseline -0.001 -17"><span class='ocrx_word' id='word_1_129' title='bbox 114 2965 119 2972; x_wconf 93' lang='lat'>.</span> <span class='ocrx_word' id='word_1_130' title='bbox 204 2914 316 2971; x_wconf 86' lang='lat' dir='ltr'><strong>Veram</strong></span> <span class='ocrx_word' id='word_1_131' title='bbox 335 2913 366 2969; x_wconf 92' lang='lat' dir='ltr'><strong>in</strong></span> <span class='ocrx_word' id='word_1_132' title='bbox 389 2914 489 2986; x_wconf 88' lang='lat' dir='ltr'><strong>quiete</strong></span> <span class='ocrx_word' id='word_1_133' title='bbox 510 2913 673 2971; x_wconf 89' lang='lat' dir='ltr'><strong>dictionem</strong></span> <span class='ocrx_word' id='word_1_134' title='bbox 698 2913 850 2989; x_wconf 82' lang='lat' dir='ltr'><strong>proferet:</strong></span> 
     </span>
    </p>
   </div>
   <div class='ocr_carea' id='block_1_4' title="bbox 202 2997 927 3839">
    <p class='ocr_par' dir='ltr' id='par_1_11' title="bbox 203 2997 750 3072">
     <span class='ocr_line' id='line_1_29' title="bbox 203 2997 750 3072; baseline -0.009 -13"><span class='ocrx_word' id='word_1_135' title='bbox 203 2998 407 3072; x_wconf 87' lang='lat' dir='ltr'><strong>Salutiferque</strong></span> <span class='ocrx_word' id='word_1_136' title='bbox 427 2997 558 3056; x_wconf 90' lang='lat' dir='ltr'><strong>Dauniis</strong></span> <span class='ocrx_word' id='word_1_137' title='bbox 583 2999 750 3068; x_wconf 84' lang='lat' dir='ltr'><strong>vocabitur,</strong></span> 
     </span>
    </p>

    <p class='ocr_par' dir='ltr' id='par_1_12' title="bbox 202 3080 927 3839">
     <span class='ocr_line' id='line_1_30' title="bbox 204 3080 889 3159; baseline -0.006 -17"><span class='ocrx_word' id='word_1_138' title='bbox 204 3083 281 3142; x_wconf 83' lang='lat' dir='ltr'><strong>Cum</strong></span> <span class='ocrx_word' id='word_1_139' title='bbox 303 3082 435 3141; x_wconf 90' lang='lat' dir='ltr'><strong>fluminis</strong></span> <span class='ocrx_word' id='word_1_140' title='bbox 455 3083 530 3159; x_wconf 83' lang='lat' dir='ltr'><strong>ge&#39;ns</strong></span> <span class='ocrx_word' id='word_1_141' title='bbox 552 3083 616 3141; x_wconf 90' lang='lat' dir='ltr'><strong>lota</strong></span> <span class='ocrx_word' id='word_1_142' title='bbox 637 3083 770 3141; x_wconf 86' lang='lat' dir='ltr'><strong>Iuturnia</strong></span> <span class='ocrx_word' id='word_1_143' title='bbox 792 3080 889 3155; x_wconf 77' lang='lat' dir='ltr'><strong>aquis,</strong></span> 
     </span>
     <span class='ocr_line' id='line_1_31' title="bbox 205 3164 905 3244; baseline -0.009 -16"><span class='ocrx_word' id='word_1_144' title='bbox 205 3168 337 3228; x_wconf 83' lang='lat' dir='ltr'><strong>Gnatum</strong></span> <span class='ocrx_word' id='word_1_145' title='bbox 357 3169 542 3226; x_wconf 88' lang='lat' dir='ltr'><strong>invocabunt</strong></span> <span class='ocrx_word' id='word_1_146' title='bbox 564 3168 709 3244; x_wconf 92' lang='lat' dir='ltr'><strong>opitulum</strong></span> <span class='ocrx_word' id='word_1_147' title='bbox 729 3164 905 3242; x_wconf 80' lang='lat' dir='ltr'><strong>Aesculapii</strong></span> 
     </span>
     <span class='ocr_line' id='line_1_32' title="bbox 205 3252 853 3331; baseline -0.008 -18"><span class='ocrx_word' id='word_1_148' title='bbox 205 3253 299 3331; x_wconf 84' lang='lat' dir='ltr'><strong>Gregi</strong></span> <span class='ocrx_word' id='word_1_149' title='bbox 317 3253 478 3330; x_wconf 83' lang='lat' dir='ltr'><strong>benignum</strong></span> <span class='ocrx_word' id='word_1_150' title='bbox 503 3253 677 3328; x_wconf 87' lang='lat' dir='ltr'><strong>civibusque</strong></span> <span class='ocrx_word' id='word_1_151' title='bbox 699 3252 853 3310; x_wconf 86' lang='lat' dir='ltr'><strong>accedere.</strong></span> 
     </span>
     <span class='ocr_line' id='line_1_33' title="bbox 202 3335 895 3414; baseline -0.01 -17"><span class='ocrx_word' id='word_1_152' title='bbox 202 3337 275 3397; x_wconf 88' lang='lat' dir='ltr'><strong>Hoc</strong></span> <span class='ocrx_word' id='word_1_153' title='bbox 299 3357 407 3414; x_wconf 88' lang='lat' dir='ltr'><strong>nempe</strong></span> <span class='ocrx_word' id='word_1_154' title='bbox 430 3339 544 3397; x_wconf 89' lang='lat' dir='ltr'><strong>cunctis</strong></span> <span class='ocrx_word' id='word_1_155' title='bbox 566 3337 665 3396; x_wconf 88' lang='lat' dir='ltr'><strong>lumen</strong></span> <span class='ocrx_word' id='word_1_156' title='bbox 689 3337 809 3397; x_wconf 86' lang='lat' dir='ltr'><strong>Aetolis</strong></span> <span class='ocrx_word' id='word_1_157' title='bbox 831 3335 895 3392; x_wconf 87' lang='lat' dir='ltr'><strong>erit.</strong></span> 
     </span>
     <span class='ocr_line' id='line_1_34' title="bbox 203 3422 879 3489; baseline -0.01 -7"><span class='ocrx_word' id='word_1_158' title='bbox 203 3425 252 3482; x_wconf 91' lang='lat' dir='ltr'><strong>Ibi</strong></span> <span class='ocrx_word' id='word_1_159' title='bbox 272 3431 427 3481; x_wconf 89' lang='lat' dir='ltr'><strong>cruentum</strong></span> <span class='ocrx_word' id='word_1_160' title='bbox 451 3432 480 3481; x_wconf 91' lang='lat' dir='ltr'><strong>et</strong></span> <span class='ocrx_word' id='word_1_161' title='bbox 502 3423 630 3482; x_wconf 86' lang='lat' dir='ltr'><strong>omniurn</strong></span> <span class='ocrx_word' id='word_1_162' title='bbox 655 3422 879 3489; x_wconf 82' lang='lat' dir='ltr'><strong>saevissimum,</strong></span> 
     </span>
     <span class='ocr_line' id='line_1_35' title="bbox 204 3504 927 3586; baseline -0.008 -19"><span class='ocrx_word' id='word_1_163' title='bbox 204 3509 336 3584; x_wconf 80' lang='lat' dir='ltr'><strong>Quando</strong></span> <span class='ocrx_word' id='word_1_164' title='bbox 361 3506 493 3586; x_wconf 78' lang='lat' dir='ltr'><strong>Salariga</strong></span> <span class='ocrx_word' id='word_1_165' title='bbox 513 3528 583 3566; x_wconf 87' lang='lat' dir='ltr'><strong>rura</strong></span> <span class='ocrx_word' id='word_1_166' title='bbox 605 3517 635 3566; x_wconf 91' lang='lat' dir='ltr'><strong>et</strong></span> <span class='ocrx_word' id='word_1_167' title='bbox 656 3511 817 3584; x_wconf 85' lang='lat' dir='ltr'><strong>Angaesos</strong></span> <span class='ocrx_word' id='word_1_168' title='bbox 841 3504 927 3561; x_wconf 90' lang='lat' dir='ltr'><strong>sinus</strong></span> 
     </span>
     <span class='ocr_line' id='line_1_36' title="bbox 205 3592 866 3670; baseline -0.015 -17"><span class='ocrx_word' id='word_1_169' title='bbox 205 3592 282 3653; x_wconf 79' lang='lat' dir='ltr'><strong>com</strong></span> <span class='ocrx_word' id='word_1_170' title='bbox 301 3594 450 3665; x_wconf 84' lang='lat' dir='ltr'><strong>venerint,</strong></span> <span class='ocrx_word' id='word_1_171' title='bbox 468 3594 552 3650; x_wconf 89' lang='lat' dir='ltr'><strong>ducis</strong></span> <span class='ocrx_word' id='word_1_172' title='bbox 575 3600 739 3670; x_wconf 87' lang='lat' dir='ltr'><strong>reposcent</strong></span> <span class='ocrx_word' id='word_1_173' title='bbox 760 3592 866 3665; x_wconf 89' lang='lat' dir='ltr'><strong>iugera</strong></span> 
     </span>
     <span class='ocr_line' id='line_1_37' title="bbox 204 3672 906 3750; baseline -0.014 -12"><span class='ocrx_word' id='word_1_174' title='bbox 204 3679 286 3738; x_wconf 91' lang='lat' dir='ltr'><strong>Boni</strong></span> <span class='ocrx_word' id='word_1_175' title='bbox 307 3677 426 3736; x_wconf 88' lang='lat' dir='ltr'><strong>novalis</strong></span> <span class='ocrx_word' id='word_1_176' title='bbox 453 3697 570 3750; x_wconf 78' lang='lat' dir='ltr'><strong>sumen,</strong></span> <span class='ocrx_word' id='word_1_177' title='bbox 590 3697 693 3736; x_wconf 89' lang='lat' dir='ltr'><strong>arvum</strong></span> <span class='ocrx_word' id='word_1_178' title='bbox 715 3672 906 3732; x_wconf 79' lang='lat' dir='ltr'><strong>haeredium:</strong></span> 
     </span>
     <span class='ocr_line' id='line_1_38' title="bbox 205 3759 885 3839; baseline -0.013 -17"><span class='ocrx_word' id='word_1_179' title='bbox 205 3763 290 3837; x_wconf 84' lang='lat' dir='ltr'><strong>Quos</strong></span> <span class='ocrx_word' id='word_1_180' title='bbox 313 3763 352 3820; x_wconf 91' lang='lat' dir='ltr'><strong>ad</strong></span> <span class='ocrx_word' id='word_1_181' title='bbox 375 3764 545 3839; x_wconf 85' lang='lat' dir='ltr'><strong>sepulcrum</strong></span> <span class='ocrx_word' id='word_1_182' title='bbox 570 3762 735 3821; x_wconf 87' lang='lat' dir='ltr'><strong>solitarium</strong></span> <span class='ocrx_word' id='word_1_183' title='bbox 756 3759 885 3816; x_wconf 86' lang='lat' dir='ltr'><strong>obruent</strong></span> 
     </span>
    </p>
   </div>
   <div class='ocr_carea' id='block_1_5' title="bbox 0 0 1446 4650">
    <p class='ocr_par' dir='ltr' id='par_1_13' title="bbox 0 0 1446 4650">
     <span class='ocr_line' id='line_1_39' title="bbox 0 0 1446 4650; baseline 0 0"><span class='ocrx_word' id='word_1_184' title='bbox 0 0 1446 4650; x_wconf 95' lang='lat' dir='ltr'><strong> </strong></span> 
     </span>
    </p>
   </div>
  </div>
 </body>
</html>
