2884 4650
584 505 735 599 Q

205 671 261 731 Nil
279 672 398 746 melius,
424 693 492 731 ere
513 675 594 749 quod
618 675 658 734 sit
679 675 847 746 amborum,
868 691 981 747 precer.

207 757 283 816 Teu.
324 757 396 816 Heu
417 777 507 834 qnam
528 759 642 817 citatim
658 766 845 818 mortuorum
866 758 964 834 gratia

205 843 330 920 Ingrata
349 843 438 916 cedit,
461 852 550 919 atque
570 851 673 920 partes
694 843 817 902 deserit.

207 925 364 1004 Siquidem
387 929 436 986 hic
454 947 510 986 nec
532 929 621 987 etiam
645 931 684 988 ob
704 947 800 1005 parva
821 927 901 985 dictn
920 924 1023 982 munia

205 1013 345 1071 Meminit
365 1013 419 1086 tui,
441 1014 537 1072 Aiax:
560 1015 666 1088 quoius
690 1014 764 1072 olim
783 1013 882 1090 gratia

206 1097 276 1157 Tuo
295 1098 409 1174 periclo
427 1105 469 1155 tot
490 1098 606 1174 pericla
624 1100 822 1158 exhauseras.

206 1181 270 1243 Sed
289 1183 385 1242 omnis
405 1183 464 1242 iste
487 1184 574 1241 fluxit
589 1185 730 1261 ingratus
752 1185 851 1242 labos.

207 1267 236 1328 Ο
259 1268 442 1344 proloquute
464 1287 602 1344 perpera,
624 1277 713 1344 atque
732 1268 850 1327 inania:

207 1352 331 1413 Oblitus
353 1353 429 1411 adeo
451 1373 496 1426 eS,
520 1354 641 1429 quando
662 1373 720 1412 nos
740 1355 772 1413 in
795 1350 912 1430 praelio

205 1436 393 1496 Periculosis
411 1438 572 1516 impeditos
594 1440 745 1513 cassibus,

205 1522 302 1581 Nulla
324 1523 430 1582 salutis
454 1542 519 1600 spe,
545 1531 635 1600 atque
656 1543 767 1583 vorsos
789 1524 821 1597 in
842 1523 945 1599 iugum

204 1607 325 1683 Eripuit
344 1609 403 1667 iste
425 1627 482 1668 vos
505 1627 560 1668 suo
584 1609 731 1668 adventu:
751 1609 827 1668 foris

206 1689 282 1751 (inm
303 1693 416 1750 fureret
437 1694 547 1752 ardens
566 1693 645 1772 ignis
665 1696 697 1752 in
720 1693 891 1764 navalibus,

205 1777 351 1836 Flammis
373 1778 503 1850 adultus,
525 1779 615 1853 inque
637 1781 768 1838 classem
792 1778 944 1835 nauticam

205 1863 337 1920 Irrneret
359 1863 474 1921 Hector
495 1864 635 1922 varicare
655 1864 769 1921 vallum
790 1864 912 1940 impete.

206 1945 281 2020 Quis
300 1948 376 2006 haec
396 1948 564 2024 repressit?
589 1968 651 2006 non
673 1950 699 2006 is
725 1956 782 2020 est,
805 1948 855 2021 qui
876 1945 947 2003 fecit
968 1944 1054 2014 haec,

205 2031 304 2108 Quem
327 2032 492 2092 contulisse
514 2033 653 2109 nuspiam
675 2032 783 2108 pedem
806 2031 965 2090 autumas?

206 2113 319 2175 Veron'
343 2119 370 2176 is
393 2118 445 2176 ille
469 2118 541 2175 fecit
564 2118 650 2190 baec,
673 2125 702 2175 et
725 2117 853 2177 sedulo?

206 2200 283 2262 (lum
304 2221 361 2260 nec
386 2211 523 2275 vocatus,
546 2208 628 2262 sorte
648 2203 701 2262 sed
724 2202 831 2261 ductus
854 2218 977 2259 manum

207 2287 378 2360 conseruit,
399 2288 460 2347 acri
482 2296 672 2365 comparatus
694 2288 830 2347 Hectori.

114 2368 116 2373 ’
204 2372 274 2433 Nec
293 2374 373 2431 enim
393 2374 532 2451 fugacem
552 2375 665 2432 iecerat
689 2374 864 2433 sorticulam

206 2458 307 2518 Gleba
326 2459 476 2517 madentis
498 2460 583 2531 uber,
606 2467 654 2517 ast
675 2478 754 2534 quae
775 2459 915 2535 primitus

204 2544 323 2602 Educta
341 2545 460 2603 casside
479 2544 624 2621 impetum
646 2545 815 2603 citasceret.

204 2629 293 2687 Haec
315 2629 367 2686 ille
389 2630 471 2701 fecit,
496 2638 584 2704 atque
608 2649 665 2707 ego
687 2648 748 2686 una
768 2628 905 2701 interfui,

204 2714 273 2791 ligo
296 2732 413 2787 servus,
437 2723 526 2790 atque
546 2721 641 2773 matre
663 2715 795 2772 barbara
814 2713 921 2772 editus.

205 2799 293 2857 Haec
313 2800 417 2873 verba,
438 2800 529 2859 stulte
550 2818 617 2859 cum
640 2800 762 2875 strepis,
786 2817 846 2873 quo
868 2798 1019 2875 respicis?

205 2883 331 2956 Nescis,
350 2885 395 2942 tui
412 2885 464 2959 qui
482 2893 625 2961 prosator
646 2884 741 2960 patris
762 2884 831 2957 fuit,

204 2968 320 3046 Pelops
342 2977 490 3043 vetustus,
512 2989 559 3027 em
579 2970 675 3028 fuisse
695 2970 876 3029 barbarum?

205 3055 306 3112 Tuum
329 3062 464 3113 satorem
484 3061 584 3112 autem
605 3061 730 3113 Atreum
750 3073 953 3114 sacerrnmum

204 3140 306 3199 Fratri
327 3140 482 3199 vorandos
505 3143 668 3217 apposisse
688 3141 822 3200 liberos?

205 3225 252 3283 Te
272 3232 488 3283 maturantem
511 3223 623 3283 Cressa
639 3224 774 3302 protulit,
797 3244 870 3286 suus

206 3310 307 3387 Quam
328 3308 524 3385 deprehendit
546 3329 612 3368 cum
632 3311 694 3368 viro
712 3310 814 3369 alieno
837 3317 932 3387 pater,

205 3394 360 3470 Mutisqne
382 3396 452 3453 iecit
470 3395 615 3472 pabulum
635 3395 820 3454 natantibus.

128 3540 134 3555 ‚
205 3479 318 3538 Taline
340 3479 410 3539 talis
434 3481 543 3540 obiicis
565 3499 660 3557 genus
684 3480 778 3538 mibi?

206 3565 377 3624 Telamone
399 3567 451 3641 qui
471 3584 536 3623 snm
559 3574 644 3641 patre
667 3570 847 3641 prognatus,
866 3576 964 3618 meam

207 3650 269 3727 Qui
290 3650 458 3725 praemium
477 3651 596 3709 virtutis
619 3670 658 3709 ex
681 3648 815 3706 exercitu

205 3734 323 3795 Habuit
343 3744 500 3812 parentem
524 3734 738 3793 concubinam:
763 3730 848 3809 regio
