2884 4650
618 558 686 619 251·

263 782 265 785 .
279 720 326 786 Τὰ
334 719 440 805 γνῶστ’
452 721 514 785 ἐστὶ
523 724 670 809 λογισμῷ,
679 724 755 804 ἀτὰρ
764 720 794 785 τ’
803 721 943 803 ἄγνωστα
951 726 1099 809 τυχηρῶς.

191 807 255 873 ΛΓ.
279 804 318 870 Εἰ
343 806 444 890 βίοτος
467 812 643 893 στρωφᾶται
665 808 894 890 άτεκμάρτοισιν
913 806 1048 884 ἀέθλοις,

270 888 378 975 Ἧμαρ
403 890 434 951 ἐν
459 887 626 975 ιβπονέεις
640 896 699 954 πᾶν
719 890 847 974 κέρδεος
868 891 1065 973 ἀναλογίζου.

185 976 257 1042 ΛΔ.
280 973 345 1060 Κῆν
368 974 507 1044 ἐπίδοξος
530 974 585 1060 ἔης
605 981 700 1059 νικᾷν,
722 976 846 1038 ὑπόεικε
867 976 951 1059 φίλῳ
975 980 1042 1042 σοῶ,

279 1058 342 1142 Τῆς
363 1058 420 1144 γὰρ
446 1060 611 1144 ύπηρεσίης
634 1062 719 1143 ἡδεῖς
741 1062 889 1140 ἡττῶνται
913 1061 1039 1143 ἑταῖροι.

192 1141 258 1207 ΛΕ.
279 1140 318 1206 Εἰ
341 1141 451 1227 μεγάλ’
475 1144 606 1222 αἰτίζεις,
627 1145 668 1229 μὴ
692 1145 797 1229 φείδεο
819 1144 890 1229 βαιὰ
907 1151 1062 1228 χορηγεῖν.

270 1224 351 1291 Ὧδε
375 1228 463 1312 χάρις
484 1229 634 1297 τοίςδεσσι
660 1230 768 1313 φιλους
790 1230 931 1312 δεσμοῖσι
953 1230 1103 1292 συνάπτει.

192 1311 249 1380 Λς.
278 1310 394 1374 Νείκεα
405 1312 481 1397 τῷδ’
496 1312 628 1396 ἐπάγειν,
640 1313 673 1381 ὅς
687 1336 736 1375 σοι
749 1314 838 1397 φιλος
850 1313 1102 1396 ἐ,στλ,φυλάσσου.

275 1392 393 1481 Ἔχθος
413 1394 502 1458 ἔτικτ’
525 1398 611 1482 ὀργὴ,
633 1398 736 1482 φιλίης
760 1397 789 1460 δ’
812 1394 942 1479 ὁμόνοια
958 1396 1078 1481 τιθήνη.

192 1475 257 1542 ΛΖ.
271 1477 330 1543 Ἢν
340 1480 374 1543 σέ
384 1480 454 1543 ποτ’
462 1481 631 1565 ἀμπλακίαι
643 1483 788 1565 θεράπων
799 1482 960 1567 προάγωσι
970 1482 1047 1565 πρὸς
1055 1483 1103 1566 δρ·
1114 1537 1126 1547 .

280 1561 342 1648 Τῆς
356 1567 453 1648 ὁρμῆς
464 1566 612 1649 κρατέειν,
626 1570 686 1629 τῶν
699 1567 819 1629 οἰκείων
832 1566 882 1629 ίνα
898 1566 1001 1650 φείση.
1023 1565 1102 1650 [γὴν,

193 1644 329 1712 ΛΗ.Ὃν
352 1654 435 1731 νικηῖν
459 1650 597 1728 δύνασαι,
621 1654 660 1733 τῇ
680 1652 824 1734 καρτερίη
847 1651 1029 1734 περιγίγνου.

280 1732 348 1795 Atel
369 1735 511 1818 καρτερίη
534 1737 563 1798 δ’
589 1736 726 1819 ἀρετάων
749 1735 811 1797 ἐστὶ
834 1736 968 1817 μεγίστη.

192 1812 258 1877 ΛΘ.
277 1813 450 1887 Ἐνδυκέως
470 1820 606 1902 ταμίευε,
628 1820 723 1902 τάπερ
743 1821 871 1903 καμάτῳ
889 1818 1079 1902 πεπόρισται.
1132 1859 1135 1865 ·

281 1898 455 1986 Τηνπενίην
465 1901 650 1986 κάματοςγ’,
658 1900 756 1986 ὅτανῄ
769 1904 954 1986 δαπανηρὸς,
965 1902 1102 1987 ὀφέλλει.

193 1980 237 2048 Μ.
282 1982 369 2050 Τοῖσι
394 1988 494 2071 φίλοις
515 1989 565 2049 καὶ
578 1988 688 2049 έταισιν
704 1987 778 2049 ἐπὰν
794 1985 953 2070 φιλότιμος
967 1986 1104 2069 ἀκούσης

275 2066 403 2155 Ὄλβιος
424 2071 591 2156 εὐτυχέων,
614 2071 649 2133 σὺ
676 2072 710 2133 δὲ
732 2072 875 2156 φιλτερος
893 2070 956 2133 ἴσθι
972 2070 1102 2155 σεαυτῷ.

440 2235 609 2304 ΒΙΒΛΙΟΝ
634 2236 859 2304 ΔΕΥΤΕΡΟΝ.

193 2320 233 2386 Α.
272 2319 368 2406 Ἔργα
391 2324 563 2409 γεωπονίης
586 2326 613 2388 εί
637 2327 664 2387 σ’
690 2324 805 2388 εἰδέναι
825 2324 931 2409 ίμερος
953 2324 1043 2407 αἱρεῖ,
1071 2348 1074 2356 ·

278 2405 432 2491 Βιργίλιον
459 2409 551 2480 δίζευ.
574 2410 709 2494 βοτανῶν
734 2411 769 2471 δὲ
792 2411 943 2492 δαήμεναι
964 2408 1063 2490 ἀκμὰς

279 2488 318 2554 Εἰ
338 2491 472 2572 ποθέεις,
494 2494 606 2562 ταύτας
629 2492 758 2576 Μάκρου
781 2495 932 2556 κλείουσιν
957 2493 1070 2570 ἀοιδαὶ,
1159 2483 1172 2523 “·
1208 2563 1214 2573 ⁴

273 2571 370 2639 Ὥσκε
389 2577 493 2640 δύναιο
515 2578 604 2640 νόσον
631 2578 750 2661 μελέων
774 2578 834 2642 ἀπὸ
855 2581 955 2640 πᾶσαν
980 2577 1103 2658 ἀμῦναι.

279 2657 317 2723 Εἰ
336 2659 368 2722 δ’
383 2661 502 2730 ἐθέλεις
519 2663 634 2746 ῥώμης,
649 2663 808 2745 ἐμφύλους
828 2661 856 2723 τ’
870 2660 956 2744 ἴδμεν
973 2661 1103 2742 ἀγῶνας,

279 2747 437 2808 Λουκανδν
464 2748 606 2830 ζήτησον,
625 2747 658 2816 ὃς
673 2746 786 2831 Ἄρεος
808 2746 890 2808 εἶπεν
912 2745 1054 2814 ἀέθλους.

278 2826 317 2892 El
338 2830 375 2912 δὴ
398 2829 468 2914 ἐρᾷν
491 2834 542 2894 καὶ
563 2829 654 2915 ἔρωτι
676 2830 860 2913 μαθητεύειν
879 2830 1103 2915 προβέβουλας,

278 2911 519 2999 Νάσωνοςπάρα
529 2921 623 2979 ταῦτα
638 2916 758 2998 μάθοις.
772 2912 810 2978 Εί
819 2917 848 2978 δ’
860 2916 933 2979 αδτδ
947 2920 1104 2999 μεριμνᾷς,

279 2996 351 3066 Πῶς
364 3000 461 3082 σοφδς
476 3002 517 3062 ῶν
528 3002 653 3082 διάγοις,
664 2999 755 3063 κλύθι
770 3006 842 3082 μού,
851 3001 900 3063 ίνα
913 3006 1009 3063 ταῦτα
1023 3001 1103 3062 διδα·

279 3079 990 3169 Πάνταδίῶνζωὴνκακίηςδίχαπᾶσανάνύσης.
1010 3084 1106 3169 [χθῇς

279 3167 375 3251 Δεόρ’
387 3166 457 3252 ἄρα,
470 3171 520 3232 καὶ
533 3170 563 3231 τί
574 3169 662 3232 πέλει
673 3171 765 3254 σοφίη
781 3170 863 3253 μαθέ
876 3175 939 3249 νῶν,
953 3170 1022 3232 τάδ’
1033 3169 1103 3230 ἀνα-

819 3277 900 3323 νους.

193 3331 232 3400 Β.
276 3334 315 3400 Εἰ
336 3333 475 3418 δύνασαι,
495 3343 627 3402 σπεῦσον
650 3339 701 3402 καὶ
716 3278 1103 3420 τοδςθγνῶταςόφέλλειν.

276 3418 407 3506 Κέρδιύν
431 3423 493 3485 ἐστι
516 3425 625 3507 φιλους
646 3421 852 3506 περιποιεῖσθ’
875 3424 895 3505 ἢ
920 3415 1103 3505 βασιλεύειν.

157 3554 172 3572 ,
193 3504 228 3569 Γ.
277 3507 373 3569 Λεῖπε
386 3507 499 3570 θεοῶτ’
512 3507 707 3592 ἄρβητα,τίτ’
719 3506 851 3590 οὐρανός
863 3506 953 3579 ἐστιν,
967 3504 1102 3586 ἐρευνᾷν.

280 3589 395 3674 Θνητδς
415 3592 473 3655 ἐὼν
495 3593 633 3675 θνητοῖσι
656 3591 817 3675 μεμηλότα
839 3587 915 3672 ἔργα
936 3589 1078 3672 μερίμνα.

192 3677 228 3738 Δ.
270 3671 377 3738 Ῥῖπτε
393 3675 489 3760 φόβον
505 3676 649 3740 θανάτου.
666 3675 766 3759 τὸγὰρ
779 3673 918 3758 ἀφραδές
934 3673 1104 3756 ἐστιν,οἰλη’·

800 3781 880 3827 κτωΐ
