2884 4650
723 587 872 681 —30—

345 755 404 813 Hic
427 773 482 813 vos
506 755 603 812 saluto
623 756 731 814 laetus.
761 757 835 815 Este
853 755 971 827 felices,
1043 765 1052 772 '

344 841 462 915 Pioque
484 859 600 911 manes,
621 859 649 912 o,
672 853 785 918 nepote
805 841 942 918 gaudete.

344 925 396 998 Ut,
420 943 509 999 quam
531 926 636 982 ruinae
655 943 702 982 ma
726 926 918 1003 superstitem
938 932 1057 982 vestrae

264 1064 268 1076 ,
344 1011 406 1068 Par
428 1019 475 1069 est
497 1010 611 1082 dolere,
633 1019 735 1068 tamne
757 1012 862 1082 laeter,
883 1019 915 1067 ut
936 1017 1018 1067 resto

344 1096 370 1156 E
393 1114 494 1154 messe
514 1103 599 1152 tanta
619 1113 737 1154 semen:
767 1115 783 1152 e
805 1094 1008 1171 procellisque

346 1181 462 1238 Tantae
485 1181 592 1238 domus
615 1179 729 1237 tabella
750 1180 899 1256 naufragii
920 1179 1005 1236 tanti.

509 1346 559 1404 29.
601 1349 653 1406 Aa
671 1349 795 1407 Paulum
818 1350 966 1407 Melissum
987 1349 1021 1406 P.
1044 1350 1081 1406 L.

345 1432 486 1492 caeleste
508 1440 624 1508 pectus,
651 1435 736 1492 euius
760 1453 799 1492 ex
819 1434 1018 1492 inexhaustae
1152 1449 1155 1454 ’

345 1516 456 1576 Mentis
477 1517 634 1590 scatebris,
659 1519 889 1594 limpidissimae
910 1519 1031 1596 linguae

346 1602 490 1662 Sermone
512 1602 559 1658 dio
580 1622 658 1660 vena
678 1604 774 1661 lacteo
795 1612 906 1676 manat,

346 1687 489 1745 Melisse:
511 1686 583 1762 quid
603 1707 650 1744 me
673 1692 862 1766 naufragum,
882 1688 954 1764 quid
975 1706 1167 1764 oppressum,

347 1771 426 1844 Quid
447 1771 584 1848 improbo
606 1772 722 1832 doloris
746 1776 884 1833 obrutum
908 1774 1008 1844 fluctu,

346 1855 537 1933 Curvumque
560 1857 652 1930 luctu,
678 1867 707 1916 et
730 1859 826 1916 fronte
849 1877 960 1915 cernua
978 1865 1088 1914 terram

347 1942 506 2014 Tuentem‚
529 1944 567 2000 ad
588 1943 667 2002 altae
687 1945 788 2001 lumen
812 1944 901 2020 erigis
924 1945 1046 2001 Musae:

254 2055 257 2062 ¹
347 2027 388 2086 Ut
410 2028 523 2104 scripta
542 2036 648 2086 nostra
667 2047 838 2105 provocans
861 2029 921 2086 tuis
942 2027 1074 2103 scriptis,

346 2113 513 2170 Inamocna
536 2112 646 2188 scripta
668 2113 891 2172 candidissimis
913 2113 1044 2189 scriptis,

346 2199 375 2255 A
397 2204 497 2255 mente
520 2198 598 2255 curis
623 2207 652 2254 et
671 2199 792 2256 silentio
817 2216 918 2255 mersa

346 2281 456 2341 Molles
480 2300 632 2356 camenas,
654 2283 747 2341 molle
770 2302 890 2350 carmen
912 2291 1069 2359 expectes:
1110 2317 1112 2319 >

347 2366 417 2425 Hoc
437 2367 521 2425 licuit
542 2367 625 2441 olim,
648 2387 714 2425 cum
736 2370 908 2427 faventibus
929 2369 1026 2427 Musis

347 2450 487 2511 Secunda
509 2461 629 2513 nostros
653 2474 726 2514 aura
747 2463 919 2531 temperans
942 2471 1047 2512 cursus

347 2537 417 2593 Mea
439 2538 477 2595 ad
493 2540 600 2597 beatos
622 2540 691 2597 'vela
713 2541 844 2598 mitteret
865 2547 983 2616 portus,

347 2622 469 2698 Regens
493 2626 607 2681 amicae
627 2627 711 2702 pacis
734 2626 765 2683 in
789 2626 856 2683 sinu
877 2632 939 2681 tuto

348 2705 462 2767 Studiis
483 2708 615 2766 adultam
635 2710 812 2769 liberalibus
835 2717 974 2766 mentem.

346 2791 443 2865 Quam
466 2793 544 2851 lenis
568 2795 668 2867 ardor,
690 2805 780 2869 atque
802 2793 898 2851 literis
919 2794 1030 2851 florens

347 2876 476 2954 Ignobili
497 2878 621 2936 fovebat
641 2880 699 2937 otio
720 2881 849 2955 primum

347 2960 440 3035 Quies
457 2963 604 3019 bonarum
627 2964 728 3022 mollis
748 2964 856 3021 artium
879 2962 989 3033 nutrix,

348 3044 466 3107 Serena
482 3066 595 3105 vacuae
616 3050 738 3106 flamma
762 3068 881 3125 semper
898 3048 1055 3124 aspirans:

347 3132 515 3207 Postquam
537 3133 680 3207 procellis
703 3153 779 3210 eque
801 3134 909 3211 triplici
932 3134 1022 3191 fluctu

349 3216 454 3276 civilis
478 3225 592 3290 aestus,
616 3218 762 3277 delicatus
786 3227 815 3276 et
833 3219 910 3278 liber

347 3302 478 3379 Excepit
497 3302 594 3359 almae
616 3322 663 3360 me
686 3304 844 3361 Valentiae
865 3311 971 3381 portus
978 3322 986 3372 ;

347 3386 389 3445 Ut
407 3387 481 3447 iuris
503 3388 565 3445 aori
584 3395 688 3447 sancta
708 3408 756 3446 me
775 3390 900 3448 Themis
922 3386 1003 3446 cultu

347 3471 480 3532 Artificis
501 3474 650 3549 expoliret
668 3493 767 3551 ungue
789 3472 914 3546 Ouiacii‚

348 3555 527 3632 Inexpiatae
549 3567 622 3635 post
644 3568 767 3617 cruenta
785 3559 928 3617 Bellonae

347 3640 487 3717 Pugnate
508 3644 592 3702 caelo
618 3644 697 3703 bella
716 3662 835 3721 semper
851 3644 936 3701 irato.

348 3725 525 3784 Tunetunc
545 3737 645 3803 poeta,
666 3738 737 3787 tune
758 3728 896 3806 Apollini
915 3747 1001 3791 carus

347 3810 435 3882 vixi;
452 3809 593 3872 Camenis
617 3823 687 3873 tunc
709 3816 822 3875 amicus
846 3814 959 3886 audivi3
1004 3880 1007 3885 ,
