2884 4650
303 689 532 862 :l'ajffukoutoc
551 690 626 774 ἀνὴρ
649 689 685 753 οὐ
708 687 822 775 γένοιτ’
845 687 881 751 ἂν
906 687 1014 758 δεξιάς.

317 773 364 840 Ολ
386 797 419 844 ος
440 775 512 839 κάθ’
534 776 629 837 αὑτοῦ
649 774 745 859 χρῆμ’
769 773 940 836 ἀσύστατον
964 772 1065 858 φύσει.

311 858 435 945 Βαρεῖα
456 864 542 943 μῆνις
562 858 667 922 οὐδέν’
690 858 784 923 εἴωθε
808 860 941 921 σκοπεῖν.

311 942 377 1010 Οὐκ
398 942 459 1009 ἔστ’
484 943 623 1006 ἀνελθεῖν
645 942 765 1021 ἐνθάδ’,
786 942 857 1006 ὅθεν
872 940 966 1026 ἔβης,
988 940 1077 1026 βαρύ.
1123 962 1127 967 ·

310 1027 347 1093 T'
368 1026 421 1098 υύς
443 1030 595 1111 δημοτῶν,
618 1027 698 1090 τότ’
721 1026 817 1111 ὄμμα,
842 1027 992 1109 μάρτυρες
1012 1026 1112 1089 κακοί.

311 1113 428 1182 Φιλους
447 1114 580 1176 ἐπαινεῖν
604 1110 735 1195 φανερὰ,
759 1111 915 1174 νουθετεῖν
937 1109 1049 1193 λάθρα.

308 1194 362 1266 Ἐἰς
383 1196 454 1266 τοδς
476 1196 648 1281 φοβούντας
671 1198 687 1259 ὁ
737 1194 811 1280 ύβος
830 1195 1056 1266 άναποδίζεται.

304 1279 411 1349 Ἐλπὶς
435 1280 580 1368 βραβείου
600 1279 671 1347 τοὺς
688 1219 804 1347 πύνους
822 1282 1002 1362 παρηγορεῖ.

309 1363 351 1429 Τὸ
374 1366 447 1429 ποῖά
472 1363 606 1447 ἄφυκτον
629 1363 773 1443 δεδιέναι,
795 1365 872 1447 πρὸς
896 1361 1040 1446 ἄφρονος.

303 1448 360 1517 Ὣς
383 1448 508 1525 άτοπον,
531 1446 635 1531 ἄρχειν
658 1453 718 1510 τῶν
740 1447 847 1523 πέλας,
869 1448 963 1509 αὑτοῦ
989 1447 1023 1510 δὲ
1044 1447 1105 1529 μήΙ

308 1532 408 1616 Σκευὴ
431 1532 463 1596 δ’
485 1531 618 1595 ύποπτύν
641 1532 704 1594 ἐστι
726 1535 789 1599 τοῖς
810 1530 1007 1614 ὠνουμένοις.

309 1614 419 1701 ΚίμβιΕ
441 1620 570 1679 τοσούτο
594 1616 668 1679 θεῖτ’
692 1614 785 1700 ἔχων,
810 1615 882 1678 ὅσον
906 1614 961 1690 οὐκ
982 1614 1074 1699 ἔχων.

309 1698 419 1787 Κίμβιξ
441 1700 457 1763 ἓ
477 1701 570 1776 λιτὸν,
593 1700 693 1768 δειλὸς
714 1699 832 1785 εὐλαβῆ
854 1702 952 1763 καλεῖ.

302 1780 492 1871 Ὗπαισχρος
513 1782 607 1847 ἔνδει’
630 1786 696 1868 ἥτις
718 1785 753 1847 ἐκ
775 1784 865 1867 δόξης
886 1782 956 1867 ἔφυ.

308 1865 432 1954 Βουλὴν
452 1873 578 1955 ταχεῖαν
603 1870 775 1952 μετάμελος
795 1868 986 1952 μετέρχεται.

310 1953 421 2039 Φέριον
441 1954 575 2019 παλαιὰν
601 1956 696 2040 ύβριν,
720 1954 860 2020 ἐκκαλεῖς
881 1953 963 2015 νέαν.

308 2037 426 2102 Ψεκτδν
447 2041 544 2103 πάλαι
569 2039 634 2122 μὲν,
656 2043 707 2101 νύν
729 2039 765 2101 δὲ
786 2037 901 2101 θωπεί)
920 2035 984 2100 ἔστ’
1007 2031 1090 2101 ἔθος.
1127 2053 1130 2057 ’

645 2200 882 2269 ΤΡΟΧΑΙΚΟΙ.

300 2283 397 2353 Ὅσον
422 2289 466 2353 ἐνὶ
483 2289 588 2376 κύβοις
597 2290 718 2377 τρίβων,
730 2288 820 2353 τύαον
835 2286 908 2352 ἔσθ’
923 2291 939 2352 ὁ
952 2288 1102 2372 κυβευτὴς
1113 2286 1217 2357 κακύς.

309 2373 442 2437 Δύναται
468 2373 536 2437 υύτ’
558 2376 698 2459 ἀνδρεῖος
717 2375 812 2460 ύβριν,
835 2373 907 2437 ούτε
931 2374 1080 2455 γεννάδας
1102 2371 1218 2457 φέρειν.

309 2457 425 2542 Αἶχρος
444 2461 486 2527 ὥς
507 2458 562 2524 εύο
584 2459 663 2543 ημύν
686 2459 760 2536 ἐστι,
780 2463 840 2521 τῶν
861 2461 965 2521 καλῶν
989 2457 1183 2541 ὑπερθανεῖν.

301 2535 405 2610 Ὅστις
425 2541 488 2604 ἐστι
511 2483 608 2629 φυγθς
629 2543 744 2618 ἄοικος,
763 2541 853 2610 οὖτύς
875 2541 938 2606 ἐστ’
961 2541 1079 2627 ἄταφος
1098 2540 1195 2610 νέκυς.

309 2621 354 2688 Οὐ
375 2632 525 2707 γυναικῶν
548 2629 749 2711 ἐπιμελεῖται,
769 2628 848 2710 πλὴν
873 2626 1216 2710 δύσελπιςτῖηςσχολῖης.

306 2705 478 2794 Ἐπιτυχὼν
498 2713 610 2818 γηρως,
632 2714 728 2797 μάτην
750 2711 859 2778 ποθεῖς
883 2712 1066 2797 άνηβάσκειν
1089 2712 1190 2772 πάλιν.

309 2789 362 2878 Τῷ
381 2795 483 2877 κράτει
503 2819 642 2865 συνοικος
662 2797 737 2880 ὀργὴ
762 2796 895 2877 σκηπτύς
915 2796 994 2858 ἐστιν
1019 2795 1161 2877 δΕύπληΕ.

307 2876 350 2940 Σδ
370 2878 459 2963 χάριν
473 2878 650 2963 εὐτυχοῦντι
659 2882 789 2965 χρήσας,
803 2881 960 2965 δυστυχῶν
974 2879 1216 2964 ἀπολαμβάνοις.

303 2961 416 3044 ’Άλγος
438 2962 470 3024 ἐν
487 2965 634 3048 Ιβασάνοις
657 2963 783 3049 άφωνύν
806 2965 884 3027 ἐστιν
909 2965 1112 3028 ἀθλιώτατον.

304 3044 372 3109 Ὑπ’
401 3046 613 3110 ἀνυπευθύνου
639 3047 714 3131 μάλ’
737 3048 848 3132 ἀνδρός
871 3049 950 3112 ἐστιν
971 3049 1114 3194 δὲρίσθαι
1127 3047 1215 3134 βαρύ.

303 3128 388 3194 Ἐστι
407 3131 444 3214 δὴ
468 3133 593 3215 μνήμων
618 3132 730 3195 ἑαυτοῦ
753 3135 770 3196 ὁ
794 3133 890 3195 ἐλεῶν
913 3136 963 3196 τὸν
1009 3135 1136 3216 υστυχῆ.

308 3215 458 3300 Δεύτερος
480 3216 613 3298 ναυηγδς
636 3216 692 3279 οὐκ
712 3215 748 3279 εὖ
773 3215 815 3300 τῇ
835 3217 973 3302 θαλάττη
998 3216 1162 3301 μέμφεται.

304 3296 356 3362 Ἐν
380 3304 486 3370 κακοῖς
506 3299 630 3384 θαρρεῖν
654 3299 689 3362 ἂν
715 3299 762 3383 εἴη
785 3302 864 3383 πλὴν
886 3302 1006 3376 ἀθώου,
1030 3299 1170 3384 μηδενός.

305 3381 417 3471 Ὀλβος
436 3382 474 3448 αὖ
497 3385 607 3470 φίλους
631 3383 724 3461 ἔτεξε,
746 3384 891 3468 συμφορὰ
913 3387 945 3448 δ’
966 3385 1134 3469 ἐλέγχεται.

309 3467 413 3552 Θυμδν
435 3467 558 3552 ἔγκοτον
583 3470 742 3553 δαμάζων,
765 3469 913 3553 πολέμιον
935 3476 1004 3554 νικᾷ
1026 3470 1132 3554 μέγαν.

307 3550 430 3638 Εὐτυχῆ
454 3557 556 3616 καλῶν
581 3577 624 3631 σε,
646 3553 724 3617 κατὰ
746 3558 802 3616 σού
824 3556 877 3635 την
898 3552 992 3640 τύχην
1013 3555 1084 3638 ἐρεσ
1109 3555 1197 3621 ελεῖς.

309 3635 368 3700 Τὸν
393 3637 482 3722 φίλον
506 3639 624 3722 μήσατ’
650 3637 685 3702 ἂν
707 3637 820 3722 ἐχθρδν
841 3642 885 3707 ὡς
903 3641 1110 3722 γενησόμενον
1130 3659 1215 3700 ποτε.

308 3719 386 3787 Πᾶσ’
411 3721 594 3808 ἐπίστροφον
617 3724 750 3809 μεγίστῳ
768 3721 899 3808 κινδύνῳ
920 3725 1123 3808 φυλάσσεται.

669 3982 994 4466 sm

244 4276 444 4466 ’Ϊ
576 4260 667 4466 ,Ι
