2884 4650
1544 563 1669 623 398

697 734 1082 806 Omnituens,
1124 733 1429 791 hominum
1474 742 1751 793 scrutans
1798 732 2081 791 mortalia
2123 734 2339 807 corda,

694 821 963 880 Aeterna
1015 826 1075 876 et
1112 819 1477 890 veneranda,
1521 818 1727 877 colens
1774 817 1912 877 sola
1949 835 2135 877 aurea
2179 820 2339 891 iura,

696 902 866 977 Quae
904 904 1100 962 varios
1147 912 1344 962 mutas
1389 902 1638 961 humani
1681 898 1931 979 pectori'
1975 904 2213 975 fluctus,

693 990 893 1066 Quam
941 996 1286 1066 agnoscunt
1324 988 1483 1047 iuste
1512 988 1833 1046 haerentes
1864 989 2264 1067 compagibus
2293 1005 2519 1049 omnes.

694 1074 858 1134 Nam
898 1073 1060 1133 nosti
1096 1073 1381 1131 interiora
1422 1074 1795 1144 animorum3
1839 1073 1999 1131 haud
2040 1082 2101 1131 te
2136 1074 2332 1132 lateat
2354 1091 2520 1135 mens

693 1158 1058 1218 Detrectans
1101 1154 1336 1216 rationi'
1385 1158 1613 1236 iugum,
1663 1157 1999 1234 cuppedine
2038 1158 2268 1233 iniqua.

698 1243 930 1304 Cuncta
964 1243 1174 1315 tueris,
1213 1250 1428 1301 cuncta
1468 1243 1664 1316 audis,
1709 1251 1923 1301 cuncta
1968 1243 2424 1304 admoderaris:

695 1329 769 1387 In
815 1337 875 1386 te
916 1335 1079 1387 stant
1119 1328 1396 1385 mortalia
1439 1328 1607 1400 iura,
1650 1328 1971 1403 potissima
2014 1327 2168 1399 Dia-3

695 1415 882 1473 Adsis
927 1413 1316 1488 praestitibus
1359 1412 1498 1490 puri
1542 1413 1701 1472 sacri
1742 1413 2111 1484 auxiliatrix,

589 1551 602 1561 ,
695 1498 797 1558 Da
829 1497 1102 1574 placidas
1136 1498 1386 1556 rationis
1428 1518 1599 1575 opes,
1642 1499 1933 1557 cohibens
1972 1498 2219 1555 inimica

699 1583 996 1655 Consilia,
1037 1581 1408 1655 insidiantia,
1452 1583 1678 1658 iniqua,
1728 1584 2011 1660 superba,
2060 1582 2325 1641 nefasta.

699 1752 769 1810 61
878 1801 882 1808 .
1119 1752 1311 1809 Divae
1358 1754 1628 1818 Iustitiae
1672 1752 1952 1827 suffimen,
1996 1761 2102 1810 tus.

696 1836 972 1895 Iustitiae
1019 1837 1292 1895 obtestor
1333 1836 1617 1911 pulchrae
1664 1836 2053 1894 omnituentis
2098 1836 2383 1908 ocellum,

698 1922 795 1982 Ad
837 1916 984 1979 Iovi'
1035 1920 1355 1980 Dictatori’
1391 1922 1565 1981 sedet
1596 1941 1752 1997 quae
1790 1921 2024 1980 illustre
2067 1921 2355 1995 tribunal,

700 2005 973 2066 Coelitus
1020 2007 1350 2065 endotuens
1393 2026 1597 2065 mores
1640 2006 1984 2065 mortalium
2024 2007 2382 2079 homonum,

695 2095 895 2167 Atque
938 2091 1123 2149 ultrix
1165 2092 1438 2168 plectens
1476 2094 1739 2150 humana
1778 2090 2049 2149 nefantia
2080 2091 2266 2165 facta,

696 2178 795 2236 Ex
837 2196 1028 2251 aequo
1066 2177 1192 2235 veri
1235 2177 1605 2255 coniungens
1652 2177 1941 2253 disparile
1983 2195 2179 2235 omne.

699 2261 864 2321 Nam
905 2280 1293 2338 quaecunque
1336 2262 1484 2321 viris
1538 2262 1839 2320 sententia
1879 2262 2152 2339 pessima
2191 2262 2409 2335 suasit,

703 2347 996 2408 Consiliis
1041 2348 1186 2406 diris
1226 2348 1477 2405 infanda
1522 2343 1853 2407 volentibu’
1902 2366 2196 2424 quaeque,

703 2431 848 2494 Sola
877 2433 1082 2510 iugum
1126 2433 1440 2509 imponens
1485 2433 1729 2493 iniustis
1774 2434 1909 2490 iura
1950 2433 2266 2503 ministri8‚

701 2518 1074 2576 Iniustorum
1116 2517 1335 2591 hostiS,
1379 2516 1675 2578 Sanatum
1719 2517 1882 2577 mitis
1923 2519 2139 2575 amica.

702 2603 925 2661 Verum
970 2603 1135 2662 adsis
1187 2623 1430 2679 semper
1469 2601 1673 2662 fausto
1707 2603 1846 2662 Dea
1882 2603 2126 2661 numine
2170 2603 2353 2674 iusta,

701 2687 866 2745 Vitai
906 2697 972 2747 ut
1014 2689 1216 2746 veniat
1258 2689 1421 2762 finis,
1466 2708 1646 2764 quam
1690 2690 1891 2748 Morta
1937 2689 2173 2765 profata
2212 2696 2326 2747 est.

703 2855 782 2915 62
1089 2859 1282 2917 Divae
1318 2858 1649 2934 Aequitatis
1690 2858 1969 2933 suffimen,
2010 2867 2119 2915 tus.

707 2942 762 3003 Ο
803 2943 962 3000 bona
1005 2960 1148 2999 cura
1190 2944 1525 3016 hominum,
1563 2943 1854 3018 locuples,
1897 2941 2234 3001 iustissima
2270 2942 2463 3019 virgo,

705 3026 962 3103 Semper
1003 3045 1214 3087 amans
1260 3030 1540 3088 homines
1584 3028 1865 3105 aequalia
1898 3028 2035 3085 iura
2072 3027 2360 3098 colentes,

706 3112 761 3173 Ο
813 3113 1177 3185 veneranda,
1223 3113 1400 3171 beata
1440 3114 1598 3187 Dea,
1640 3134 1675 3171 ο
1718 3113 1923 3172 Iuritis
1969 3114 2218 3184 honora,

704 3197 884 3257 Puris
929 3197 1167 3257 iudiciis
1210 3188 1577 3273 dispensans
1620 3199 1853 3274 optima
1889 3199 2042 3270 iura,

702 3281 838 3341 Nec
875 3291 1137 3341 mentem
1177 3282 1494 3340 labefacta.
1538 3283 1761 3340 etenim
1811 3290 2058 3342 cunctos
2100 3281 2434 3340 labefactas

707 3367 828 3443 Qui
869 3377 973 3425 tua
1013 3389 1138 3428 non
1183 3368 1423 3427 subiere
1474 3368 1612 3425 boni
1655 3368 1817 3445 iuga,
1867 3368 1973 3427 sed
2014 3367 2209 3445 magis
2248 3367 2385 3443 ipsa

703 3450 1006 3527 Indomiti,
1055 3454 1334 3513 horrifice
1379 3452 1686 3511 declinant
1734 3455 1990 3512 verbera
2030 3452 2221 3530 flagri.

707 3534 1002 3612 Concors,
1044 3540 1325 3599 omnibus
1369 3557 1580 3614 aequa,
1633 3546 1908 3611 venusta,
1961 3537 2256 3610 dicacula,
2308 3535 2518 3605 amica,

711 3619 912 3679 Manlia
959 3623 1129 3699 pacis
1169 3643 1401 3695 amans,
1441 3631 1637 3679 certae
1681 3623 2069 3695 sapidissima
2107 3622 2286 3681 vitae.

708 3703 868 3763 Nam
912 3707 1049 3783 plus
1096 3707 1309 3775 densa
1341 3729 1481 3775 ’,ψ-,μ
1517 3707 1729 3779 odisti,
1777 3719 1837 3763 et
1881 3707 2079 3783 diligis
2129 3726 2406 3784 aequum.

708 3791 780 3847 In
820 3799 880 3847 tu
940 3821 977 3867 -,
1020 3788 1028 3835 ;
1070 3804 1075 3806 ’
1153 3805 1158 3807 ’
1194 3787 1205 3795 ’
1427 3798 1432 3803 ”
1529 3792 1909 3867 ,supientia
1945 3795 2146 3851 finem.
