2884 4650
571 521 722 616 *sr-

229 688 382 748 Ineedeus
396 687 497 766 longo
519 700 652 767 syrmate
674 691 766 749 verrit
787 692 919 750 humum.

184 773 342 833 Omnibus
363 774 439 830 haee
461 774 581 843 studiis,
601 785 642 848 et,
663 776 714 850 qui
735 775 835 834 fecere
860 778 977 851 beatos,

231 857 372 918 cultibus
392 858 539 932 exclusis,
556 861 672 918 obtinet
692 879 753 918 uns
769 861 880 919 locum.

183 947 280 1022 Ipsae
302 943 442 1002 Pierides
468 946 549 1020 turpi
567 945 684 1004 suffusu
701 945 816 1020 pudore
877 975 879 982 ,

232 1028 404 1088 Pallidulse
424 1029 515 1088 salsis
538 1030 686 1088 imbribus
709 1049 762 1088 ors
785 1030 897 1102 levent,

185 1120 236 1175 Ae
253 1113 425 1191 pstroeiuio
448 1113 582 1172 defectae
604 1114 687 1174 nulle
705 1123 869 1189 queruntur

231 1197 487 1273 Prordeplorutis
508 1201 622 1258 artibus
644 1219 727 1257 erma
746 1200 826 1275 oapi:

188 1283 253 1344 Sed
272 1283 385 1342 stultos
403 1284 544 1344 homines
567 1286 728 1344 verborum
747 1292 868 1342 nectere
893 1302 1010 1359 sesses,

231 1367 294 1428 sut
317 1368 398 1425 dulei
416 1368 535 1446 linguas
558 1368 752 1444 prostituisse
771 1370 869 1442 luere,
905 1362 907 1366 ¹

188 1454 374 1528 Heroasque
396 1472 511 1527 sauros,
531 1473 608 1528 quos
626 1455 742 1530 Iupiter
758 1467 872 1528 aequus
893 1454 1014 1528 amavit,

233 1537 310 1598 Cum
331 1538 440 1597 studiis
462 1556 592 1614 propera
613 1549 711 1598 morte
732 1540 831 1614 perire
848 1539 922 1598 suis.

190 1623 238 1682 Te
257 1641 379 1697 quoque
399 1623 561 1683 Bsrbsries
580 1625 679 1683 nostri
699 1645 738 1682 ue
761 1625 923 1702 stringeret
943 1625 1020 1697 aeui,

233 1707 387 1768 Credibile
409 1717 457 1766 est
477 1708 563 1783 ipsos
583 1710 777 1769 consuluisse
798 1709 902 1768 Deos:

190 1795 292 1868 thue
305 1794 443 1852 ,Astraeo
464 1796 547 1852 omni
569 1795 659 1853 terris
679 1795 792 1870 pietate
816 1795 919 1871 fugate

233 1878 350 1938 Ultima
370 1878 408 1935 de
429 1877 579 1954 Superum
601 1887 691 1956 gente
712 1878 834 1952 reliquit
853 1880 993 1948 humum3

192 1961 244 2024 sie
263 1964 319 2021 tibi
342 1982 405 2021 non
426 1965 487 2022 vitu
503 1963 591 2038 hsec,
615 1984 677 2022 non
698 1963 790 2022 tellus
813 1971 881 2021 ente
903 1963 1008 2020 reliete
1028 1972 1091 2035 est,

232 2049 320 2107 Iustu
339 2048 556 2122 relinquendae
574 2067 663 2124 qusm
684 2049 740 2107 tibi
763 2066 853 2106 oeuss
875 2048 941 2106 fuit.

191 2133 406 2207 Tempestivus
426 2134 504 2206 ubis,
524 2153 615 2208 quum
637 2133 693 2206 nil,
715 2134 797 2208 quod
817 2134 909 2192 rebus
930 2133 964 2190 in
984 2130 1052 2190 istis

232 2219 401 2290 Laudaret,
420 2218 464 2275 nil
483 2239 558 2292 non,
580 2219 658 2294 qnod
679 2219 861 2295 querereris,
883 2226 956 2276 eret.

189 2305 274 2383 Ergo
294 2303 452 2381 neglectae
471 2303 612 2379 linquens
634 2304 774 2382 sonegia
793 2312 893 2363 terrae

233 2390 320 2448 Inter
341 2389 480 2449 sidereos
502 2390 592 2449 stelle
612 2399 733 2465 recepte
754 2390 839 2448 sinus

192 2474 306 2534 Omnis
325 2474 478 2532 Lunarem
498 2476 559 2533 lete
580 2475 716 2533 subiecta
737 2475 792 2532 sub
815 2492 904 2531 exem

234 2559 406 2634 Despectus
427 2559 524 2618 oeulis
546 2560 693 2618 inferiore
713 2560 785 2618 tuis.

190 2644 265 2704 Non
289 2653 337 2703 est
356 2644 493 2703 mortalis
514 2645 658 2722 (gemitus
678 2643 832 2719 absistite)
853 2642 969 2703 Douse.

234 2728 306 2788 Non
328 2737 377 2787 est
398 2730 538 2788 mortalis
561 2728 678 2789 Dousa.
701 2729 820 2787 facesse
840 2728 935 2787 dolor.

192 2814 222 2874 Ο
243 2832 309 2887 vos,
332 2815 385 2889 qui
403 2815 504 2872 vivum
523 2815 662 2874 Dousem
684 2814 807 2873 fovistis
831 2812 935 2872 amini:

133 2940 136 2943 -
236 2900 263 2960 Ο
288 2918 342 2958 vos
364 2899 513 2958 Dousieoi
532 2900 632 2958 duleis
653 2901 789 2958 membre
812 2898 912 2957 chori:

191 2985 305 3045 Exuite
328 2992 441 3043 stratos
464 2986 632 3062 gestamine
652 2986 751 3043 mistis
774 2983 882 3043 uultus.

234 3070 300 3128 Ista
318 3070 418 3129 minus
438 3070 551 3128 misero
577 3079 625 3129 est
648 3070 862 3147 digus‘eolore
886 3067 1001 3126 domus.

194 3155 296 3230 Quum
317 3154 426 3215 Dousu
444 3162 569 3213 aeterne
589 3155 710 3214 mutarit
729 3154 837 3213 funere
857 3154 929 3223 vitu,

235 3240 401 3299 Funestam
423 3240 551 3304 Dousue
571 3260 634 3299 non
654 3241 741 3299 deest
763 3258 833 3299 esse
855 3239 986 3296 domum.

266 3408 297 3467 9.
343 3409 518 3485 Epicadum
539 3413 571 3468 in
591 3412 699 3468 obitum
723 3408 757 3468 V.
784 3406 814 3465 O.
835 3405 911 3463 Iusti
925 3402 1036 3479 'lo'psh

195 3491 341 3568 Quisquis
363 3494 494 3555 fecundo
517 3495 682 3553 studiorum
704 3492 809 3552 nobile
827 3489 908 3549 cultu

193 3578 376 3651 Lovsnium,
400 3580 655 3657 eelebresBelgii
674 3576 813 3637 florentis
833 3573 970 3634 Athenas

194 3663 244 3721 Ire
265 3682 367 3741 purus,
385 3664 493 3740 Lipsii·
505 3665 609 3725 doctos
628 3665 772 3732 hausture
793 3658 940 3734 liquores,

197 3746 279 3810 Siste
300 3749 435 3826 grudm,
457 3751 486 3809 si
506 3750 586 3809 forte
606 3757 674 3808 tuus
694 3766 756 3805 uon
776 3744 895 3821 impulit
911 3759 1003 3805 sures
