2884 4650
716 572 866 662 —4—2-

335 736 378 795 Ut
399 753 497 812 paene
517 734 624 810 ipsius
639 735 716 794 vitae
740 737 912 795 discrimine
931 738 1004 810 vite,

379 820 512 894 thue'
504 839 572 895 ipsa
594 830 709 880 constet
732 841 831 909 paene
857 823 955 881 salute
977 823 1071 882 salus.

335 908 416 984 Ergo
441 905 593 963 difficilem
615 916 772 979 quaestum
778 893 914 970 Natura
936 908 1042 966 salutis
1204 964 1207 971 .

377 991 450 1050 Non
471 990 536 1050 sine
558 991 675 1048 difficili
696 1011 790 1068 parca
811 994 913 1050 labore
933 993 1023 1050 dedit.
1142 988 1144 991 ’

336 1077 394 1135 Illa
415 1076 602 1136 salutiferum
625 1076 799 1134 thesaurum
821 1079 881 1136 hoc
897 1095 1017 1135 earcere
1039 1079 1148 1155 sepsit,

378 1160 486 1221 Carius
507 1169 540 1218 ut
561 1161 655 1218 scires
679 1179 749 1218 esse
773 1161 871 1220 salute
894 1162 978 1220 nihil.

680 1248 763 1303 Idem
787 1246 905 1304 Graece

338 1326 458 1432 Πόσσρς
476 1325 582 1430 ὄχλος,
603 1325 753 1409 πόσσησιν
774 1327 971 1410 ἀρημένος”
949 1333 1032 1411 αψεα
1053 1328 1187 1401 νούσοις,

378 1412 429 1473 καὶ
451 1409 562 1515 λύμαις
582 1413 691 1492 χροιῆς
714 1410 808 1480 άνθος
828 1413 1039 1496 ἀμειψάμενος

338 1497 372 1557 ἀν
384 1517 494 1598 νεστοφ
480 1494 569 1560 ’λους
587 1496 732 1576 κνημοὺς,
760 1497 796 1557 ἀν
802 1497 1058 1579 ’ἀπανθρώποιο
1081 1494 1225 1579 Πυρήνης

380 1579 483 1662 ὄκριας
504 1579 721 1660 ἀνδρομέοις”
707 1604 772 1664 ιχνε
757 1603 819 1642 σιν
844 1583 987 1664 ἀστιβὲας

337 1665 386 1726 τὸν
410 1666 501 1725 ποτὸν
524 1663 679 1745 ἀλθήεντα
704 1665 884 1771 μετέρχεται
908 1667 1002 1770 ἀμφὶς
1023 1665 1053 1725 ἐν
1077 1663 1187 1748 ὄχθοις

381 1746 461 1830 εἰργ’
434 1770 567 1830 γομσνον.
580 1748 702 1810 τόσσου
707 1751 768 1853 66
792 1750 908 1812 νοσέειν
931 1749 1065 1854 πρίαται,
1261 1751 1263 1758 ’

339 1833 418 1894 ὥστε
439 1833 549 1915 μάλαι
540 1833 635 1916 πρό
623 1855 655 1894 τε
678 1858 721 1919 τιρ
720 1835 859 1947 ὑγιείης
874 1835 928 1917 τὴν
951 1859 967 1895 ο
969 1855 1063 1915 μιαν

381 1917 674 2021 ἀντιπαραρριπτεῖν,
696 1919 747 1980 τόν
771 1943 811 1980 τε
828 1920 892 2002 βίον
912 1919 970 2000 πρὸ
989 1917 1067 2002 βίου.

337 2000 416 2084 ἦα
379 2024 416 2087 ρα
440 2002 528 2085 φύσις
548 2004 643 2064 πάλαι
668 2005 822 2086 ἀργαλέην
844 2003 972 2109 κομιδὴν
997 2001 1111 2106 βιότοιο

381 2087 551 2172 φεισαμένη
576 2089 704 2189 καμάτῳ
727 2089 857 2169 θῆκεν
847 2103 884 2148 επ
919 2086 1072 2169 ἀργαλέω.

339 2172 475 2278 ζωρρκὲς
497 2171 531 2232 δὲ
555 2170 631 2252 τόση
652 2195 686 2233 κε
689 2148 855 2271 ίμηλιον
835 2192 975 2254 αμφεπεν
998 2171 1181 2253 εἱρκτῇ,

383 2255 399 2316 ο
402 2279 433 2317 τ
472 2255 562 2316 οὐδὲν
587 2259 669 2337 ζωῆς
690 2261 833 2339 κτημα
814 2254 1039 2338 περισσότερον.

553 2428 602 2486 47.
646 2432 729 2487 Idem
750 2431 861 2487 iambis
884 2429 1024 2505 Τιαρίάι.

381 2506 483 2575 Πόσος
503 2508 642 2573 πόσαισιν
666 2510 761 2595 ὄχλος
783 2511 951 2592 ἐμπλακεὶς
970 2507 1082 2581 νόσοις,

338 2592 440 2699 ποίαις
462 2593 564 2656 ἀλύων
584 2600 655 2675 γυῖα
679 2595 861 2699 σρντρόφοις
887 2595 983 2667 δύαις,

338 2678 389 2737 καὶ
409 2677 624 2763 ὄυσπροσιύπιμ
647 2680 771 2763 βλέμμα
794 2679 971 2763 χαλκαίνων
994 2683 1085 2761 χροᾷ,

340 2761 426 2822 διὰ
411 2767 470 2821 τῶν
495 2740 650 2844 ἐρήμων,
651 2770 710 2826 τῶν
734 2763 937 2868 ὀυσαρβάτων
961 2764 1082 2847 βροτοῖς

339 2848 465 2927 στιφροῖς
489 2844 629 2948 Πορηνης
650 2850 808 2930 θηροδεγμ
787 2849 889 2910 ιιύνων
903 2848 1018 2952 πάγων

338 2929 464 2996 κόλποις
486 2932 650 3012 φαράγγων
677 2932 805 3016 ἐγκροβέ
807 2956 861 2994 ντα
881 2938 941 2995 τῶν
964 2932 1068 2993 πόνων

338 3016 511 3096 ἀλεξιτῆρα,
534 3016 583 3077 τὸν
614 3016 788 3099 βιοσταγῆ
779 3020 871 3079 ποτὸν

340 3102 432 3175 διζεῖ;
454 3098 642 3180 τοσαύτης
623 3103 747 3201 προικὸς
769 3102 850 3181 αἱρεῖ
870 3101 911 3183 μὴ
931 3103 1044 3175 νοσεῖν

339 3188 402 3247 ὥστ
411 3184 654 3267 ’ἀσφαλείας”
634 3207 697 3245 αντι
719 3184 876 3247 κινδυνεύε
878 3208 936 3258 ται,

340 3271 403 3379 6606
428 3292 460 3331 τε
485 3272 588 3351 θηρῶν
611 3274 664 3329 τού
674 3269 754 3413 ἱγλνιόο
776 3271 817 3373 μὴ
841 3271 987 3373 φείδεται.

339 3356 453 3419 ανοσοο
475 3352 506 3415 6
530 3353 652 3435 ἀρωγῆς
674 3353 766 3435 θῆκεν
792 3356 811 3435 6
834 3355 923 3455 φύσις
943 3351 1038 3435 πόρον

338 3441 388 3502 τὸν
414 3437 509 3500 θύοι-ι’
474 3461 579 3520 ιοριστ
569 3460 614 3498 ιον
641 3436 702 3498 ἐνι
688 3436 812 3519 τρόποις
832 3440 1018 3544 ἀμηχάνοις.

339 3527 380 3591 ὡς
404 3521 478 3585 δ’γ
461 3546 538 3585 εστιν
560 3524 689 3627 εἱρκταῖς
709 3524 876 3591 πλοῦτος
865 3524 978 3604 υγιείας
1001 3521 1055 3585 ὄόε

338 3612 538 3674 τοσούτοςν
508 3608 538 3669 ἐν
561 3606 695 3671 ςόσαισιν
719 3606 1006 3689 ἐγκεκλεισμένος[,]

339 3693 382 3761 ὣς
401 3692 491 3755 οὐδὲν
516 3691 609 3773 αὐτῆς
630 3698 737 3777 χρῆμα
759 3692 1009 3776 τιμαλφέστερον.
