2884 4650
1212 559 1283 617 17

424 722 479 783 Ο
520 724 668 783 Orci
705 725 881 783 vobis
928 725 1004 781 ah
1047 727 1206 784 male
1251 728 1330 784 sit
1373 728 1695 785 tenebram

228 864 232 873 ,
338 810 492 866 Tam
541 809 765 866 bellum
811 809 984 869 nobis
1027 812 1312 887 rapuistis
1358 829 1673 888 passerem
1708 811 1971 888 iniquae.

425 895 478 954 O
522 894 679 951 male
719 895 976 952 factum!
1024 916 1059 952 o
1103 896 1186 953 mi
1226 915 1462 971 passer,
1506 905 1678 954 atrox
1717 896 1949 956 facinus
1967 900 1987 954 l

227 976 230 985 '
337 981 495 1037 Ecce
538 986 642 1036 tua
687 997 909 1037 caussa
951 987 1193 1039 nostrae
1237 982 1562 1038 tumefacta
1603 982 1843 1057 puellae

420 1063 801 1140 Turgescunt
845 1064 1026 1123 salsis
1066 1065 1296 1123 lumina
1336 1066 1686 1124 lacrimulis.

339 1191 396 1247 9.
482 1191 748 1248 Parodia
787 1193 867 1248 ad
888 1192 1193 1250 Phaselum
1243 1192 1457 1250 Catulli
1501 1193 1614 1268 [4],
1663 1196 1725 1250 in
1776 1177 2153 1263 Causidicum,

627 1278 727 1350 qui
768 1277 960 1333 relicto
993 1280 1133 1352 foro
1177 1280 1570 1352 coquinariam
1598 1280 1881 1353 faciebat.

338 1359 637 1418 Patronus
679 1359 804 1432 ille,
853 1380 1028 1435 quem
1077 1362 1292 1420 videtis
1337 1363 1627 1437 hospite8‚

342 1443 446 1502 Ait
488 1444 682 1502 fuisse
723 1444 994 1522 litigator
1031 1447 1320 1522 optimus3

340 1529 557 1604 Neque
595 1529 778 1588 ullius
823 1531 1110 1589 minantis
1155 1534 1443 1607 impeturn
1487 1532 1599 1589 fori

340 1613 647 1687 Nequisse
691 1614 980 1688 detinere,
1029 1616 1158 1673 sive
1203 1615 1527 1673 crastinum

339 1699 581 1756 Iuberet
627 1699 939 1775 ampliare,
987 1719 1094 1758 seu
1136 1700 1550 1776 perendinum.

342 1784 418 1841 Et
457 1784 571 1840 hoc
615 1791 796 1861 negat
843 1785 1063 1844 feracis
1104 1786 1465 1860 Aquitaniae

342 1868 584 1945 Negare
623 1888 782 1940 rura,
827 1869 1287 1944 Vasconumque
1330 1871 1577 1941 limiteS‚

344 1952 616 2012 Cadurca
652 1954 881 2031 iugera,
928 1966 986 2011 et
1028 1955 1313 2015 Rhutena
1358 1972 1607 2030 pascua,

344 2038 727 2111 Lemovices,
771 2047 1090 2113 trucesque
1135 2038 1559 2116 Petragorios:

344 2123 460 2182 Ubi
506 2124 625 2182 iste
669 2131 808 2198 post
851 2133 1163 2199 patronus,
1208 2134 1388 2182 antea
1429 2123 1544 2180 fuit
1626 2188 1629 2213 ι

344 2208 413 2265 In
456 2209 603 2265 urbe
645 2209 862 2266 scriba.
944 2208 1107 2267 Nam
1149 2210 1477 2268 forensium
1515 2209 1578 2264 in
1623 2225 1804 2283 grege

345 2294 652 2367 Loquente
697 2312 885 2371 saepe
921 2294 1278 2370 scriptitavit
1317 2294 1557 2353 arbitro.

345 2384 616 2437 Amoene
667 2378 911 2452 TarniS,
960 2389 1018 2437 et
1061 2380 1373 2438 Garumna
1415 2378 1713 2454 corniger,

347 2464 484 2521 Tibi
528 2464 679 2520 haec
714 2465 908 2523 fuisse
949 2472 1008 2521 et
1052 2484 1188 2523 esse
1236 2463 1648 2546 cognitissima

347 2549 447 2606 Ait
484 2557 812 2625 patronus:
855 2549 1066 2607 ultima
1102 2569 1180 2606 ex
1225 2550 1455 2627 origine

347 2634 492 2691 Tuis
540 2634 735 2692 fuisse
777 2634 975 2692 scriba
1014 2634 1156 2694 dicit
1183 2636 1475 2691 -urbibusz
2691 2630 2692 2703 Ῑ

347 2718 495 2777 Tuis
538 2727 828 2795 patronus
874 2719 1145 2777 adfuisse
1180 2718 1430 2777 civibus,
2691 2718 2692 2787 1

346 2804 421 2861 Et
458 2803 601 2861 inde
647 2811 740 2862 tot
777 2824 888 2879 per
928 2805 1304 2876 exsecranda
1346 2804 1615 2878 praemia
2691 2810 2692 2816 ’

351 2886 580 2965 Stipem
627 2888 865 2961 tulisse,
907 2890 1102 2961 laeva,
1145 2890 1274 2947 sive
1315 2890 1566 2946 dextera
2691 2885 2692 2931 l

351 2972 604 3032 Sonaret
646 2992 821 3044 aere3
869 2975 997 3033 sive
1037 2982 1350 3048 utramque
1393 2973 1668 3050 Iuppiter
1732 3043 1738 3049 ,

351 3056 540 3116 Simul
587 3066 836 3115 sonante
877 3067 1152 3135 tangeret
1186 3058 1470 3134 pecunia:

349 3142 565 3219 Neque
603 3143 730 3199 ulla
771 3153 909 3201 vota
949 3144 1350 3219 quaestuariis
1399 3144 1515 3201 diis

352 3227 482 3287 Sibi
517 3247 656 3287 esse
694 3229 876 3301 facta,
923 3248 1057 3285 cum
1099 3229 1320 3286 rediret
1360 3246 1398 3283 a
1434 3228 1561 3285 foro

349 3313 544 3371 Lucro
593 3321 881 3389 gravatus
922 3332 1114 3387 usque
1158 3312 1453 3388 propriam
1499 3314 1752 3370 domum.

352 3396 474 3457 Sed
520 3399 672 3455 haec
708 3400 875 3473 prius
907 3398 1104 3455 fuere:
1154 3416 1310 3455 nunc
1357 3397 1584 3455 cibaria

351 3483 589 3561 Ligurit
626 3490 827 3555 uncta,
878 3501 1061 3557 seque
1100 3490 1409 3540 consecrat
1452 3483 1561 3540 tibi

354 3566 574 3626 Culina
619 3568 810 3658 dives,
852 3567 917 3625 et'
952 3567 1150 3624 culina
1181 3567 1400 3625 divitis.

968 3695 1060 3751 10.
1142 3696 1318 3751 'Idem
1359 3693 1543 3749 aliter.

352 3782 625 3857 Magirus
670 3780 776 3837 ille
819 3798 996 3854 quem
1036 3778 1252 3837 videtis
1301 3778 1595 3851 hospiteS,

1719 3886 1755 3944 2
