2884 4650
612 486 763 602 ..²334

231 664 283 733 Ἐν
302 672 348 754 τῷ
372 669 494 732 δικάσαι
512 670 546 733 τδ
567 671 644 756 ταχδ
665 674 737 749 πᾶν,
759 670 905 734 ύπαίτιον.

234 753 398 822 Φειδωλδς
419 751 455 815 ού
476 776 537 839 πειρ
582 757 701 839 ρηστὸς,
724 753 795 818 ἐσθ’
819 755 903 839 αύτῷ
923 754 1025 825 κακύς.

230 834 282 901 Ἔν
306 840 402 900 τοῖσιν
423 777 634 922 ἀπύροιςθστὶ
652 841 831 925 παράβολον
849 838 939 903 πολύ.

233 918 299 986 Οὐκ
321 920 378 983 είσ’
401 922 538 1006 ὑβρισταὶ
561 924 708 1008 σχετλίων
732 923 885 1006 ἀκληρίαι.

225 1005 357 1114 (Σύνοιδ
379 1006 395 1069 θ
411 1006 532 1151 χείρων
556 1008 602 1076 οἷς
624 1010 640 1072 ύ
661 1008 806 1091 κρείττων
828 1006 925 1090 ἤλιτε.

239 1087 267 1154 Η
290 1090 330 1152 δι’
355 1089 408 1171 εύχ
428 1090 487 1152 νει’
511 1090 575 1154 ἐστ’
591 1092 786 1155 ἀνεπίδεκτον
809 1092 937 1176 ὕβρεως.

146 1234 148 1237 .
227 1172 371 1244 Ἀναξίου
396 1172 542 1258 δεόμενος
564 1176 679 1245 ἀδικεῖς
699 1175 851 1257 πούχενές.

222 1252 382 1327 ίΑπαντας
403 1256 514 1344 ἔβλαψ’
540 1260 668 1329 ἀθλίους
688 1261 853 1346 ἀχάριστος
871 1258 925 1327 είς.

229 1339 363 1427 Ἔχθρὸν
387 1344 554 1428 φοβεῖσθαι
573 1346 624 1407 καὶ
644 1345 851 1429 χαμαίζηλον,
874 1347 986 1428 σοροῦ.

231 1424 322 1490 Τῖσαι
343 1427 393 1489 τδν
418 1426 530 1512 ἐχθρόν
552 1428 615 1491 ἐστι
636 1429 781 1513 δεύτερος
804 1430 878 1513 βίος.

230 1510 319 1594 Λήθη
341 1512 472 1596 βαρειιῖιν
494 1512 572 1575 ἐστὶν
596 1514 614 1576 ύ
636 1537 714 1597 ρεων
739 1512 822 1581 ἄκος.

230 1592 329 1678 Χάριν
354 1595 494 1681 δεομένῳ
514 1597 559 1665 δὶς
582 1598 692 1660 διοωσ’
714 1600 731 1661 ὁ
756 1596 830 1665 δούς
846 1595 934 1679 ταχύ.

230 1677 331 1762 Παύρ’
356 1680 477 1764 ὑστερεῖ
494 1680 610 1764 πένητι,
632 1682 734 1745 πολλὰ
755 1681 879 1765 κίμβικα

230 1760 390 1846 Μεμηνύτ’
413 1764 498 1846 ἀνδρὶ
519 1769 579 1833 πᾶς
598 1766 766 1849 μεμηνέναι
788 1766 883 1828 δοκεῖ.

225 1843 392 1917 Ἐνσκευος
414 1846 506 1911 ἔνδει’
532 1850 638 1934 ὀλβίου
661 1851 695 1913 τδ
716 1851 914 1935 φιλάργυρον.

229 1930 305 1995 Ποῖ’
324 1932 398 2008 ἐστὶ,
420 1932 562 2016 μάνθαν’,
588 1936 667 1997 ὥστε
691 1936 777 2017 δρᾷν,
796 1932 834 1995 τὰ
850 1932 979 2014 κρήγυα.

231 2015 355 2083 Φθίνος
376 2018 409 2080 τδ
433 2017 596 2102 βλαβερὸν,
619 2017 654 2081 ού
678 2019 711 2081 τδ
733 2018 891 2101 σύμφορον
914 2017 1013 2079 λαλεῖ.

231 2098 354 2169 Φθόνος
375 2101 475 2185 λάθρα
500 2102 565 2184 μὲν,
589 2104 747 2185 δυσμενῶς
770 2101 799 2164 δ’
824 2101 985 2185 ὀργίζεται
1032 2098 1035 2103 ’

227 2184 370 2248 Ἀνεκτδν
390 2185 619 2271 εύψύχοισιν,ἣ
644 2188 757 2270 μάκαρι
774 2184 898 2269 φθόνος.

229 2269 373 2355 Παριδδιν
395 2271 429 2334 τδ
450 2271 651 2356 πλημμέλημ’
677 2272 859 2356 ἁμαρτάνειν
880 2270 986 2338 ποιεῖς.
1086 2309 1088 2316 ·

225 2354 348 2418 Ἀκοντ’
375 2355 492 2439 ἐρύκων
515 2355 655 2424 ἐκκαλεῖς
675 2355 795 2426 ἐξιέναι.

227 2435 341 2523 Ὀρχὴν
363 2440 516 2523 φυλάττου
538 2440 668 2526 βραχέα,
695 2441 748 2524 τὴν
771 2438 886 2523 ἔχθραν
910 2436 943 2501 δ’
966 2437 1025 2502 ἀεί.

230 2521 461 2606 Χολουμένοισι
480 2523 581 2608 τόλμα
602 2526 653 2587 καὶ
670 2524 774 2672 βουλὴ
798 2524 892 2585 δοκεῖ.

230 2606 365 2691 Παύρων
390 2605 537 2691 δεύμενύς
557 2609 646 2686 ἐστιν,
690 2632 704 2678 ς
725 2608 851 2692 παύρων
876 2603 943 2712 ἐρβ.

230 2690 283 2775 Μὴ
310 2690 385 2776 δρᾷν
408 2716 447 2771 τι,
471 2693 578 2776 μίσους
598 2695 677 2756 ὥστε
700 2694 829 2777 πάσχειν
854 2689 881 2753 α’
907 2692 986 2762 αΕια.

230 2775 409 2853 Πίστευσον,
432 2781 474 2844 ύις
495 2778 535 2861 μὴ
559 2779 692 2862 δυσμενῆ
711 2777 852 2851 κτᾶσθαι,
873 2776 963 2862 φίλιρ.

231 2858 349 2923 Γένοιτ’
376 2858 411 2923 ἂν
434 2860 524 2924 οὐδὲν
545 2862 616 2944 ἡδὺ,
639 2864 718 2945 πλὴν
739 2863 774 2924 ἐκ
796 2863 977 2945 μεταβολῆς.

230 2942 352 3007 Σαυτού
371 2945 524 3027 κατέγνως
545 2945 649 3009 άδικον
674 2946 831 3022 ἀπολύων,
853 2946 948 3029 κριτά.

225 3028 372 3112 ’Άλχησις
393 3029 515 3114 ἐχθρῶν
538 3031 734 3114 ἠδικημένοις
754 3031 837 3100 ἄκος.

232 3108 330 3176 Οὐδὲν
356 3112 474 3196 μέτεστι
494 3116 594 3178 κοινδν
614 3115 689 3201 αἴνῳ
712 3117 764 3178 καὶ
783 3139 836 3199 τρυ
862 3121 894 3198 ᾗ.

225 3193 330 3281 Ἐρρει
347 3199 479 3266 παλαιὸς
502 3198 596 3274 αἶνος,
616 3201 654 3284 ἣν
677 3201 717 3284 μὴ
744 3199 813 3268 νέος
831 3222 900 3283 ορη.

226 3279 351 3349 Ἄδικος
375 3281 468 3366 νόμον
492 3282 640 3360 δέδοικεν,
667 3285 728 3348 ὁδ’
750 3285 856 3352 ἀθῶος
878 3281 983 3366 τύχην.

232 3361 278 3427 Τὰ
299 3364 421 3430 δοθέντ’
437 3368 570 3430 ’ἀπαιτεῖ
587 3368 839 3454 μεταμελουμένη
862 3365 951 3448 τύχη.

228 3444 266 3511 ‘O
287 3455 342 3512 τού
358 3451 502 3532 γενέσθαι
522 3452 573 3516 καὶ
595 3453 711 3531 θανεῖν,
731 3453 833 3518 κοινδς
854 3448 957 3530 νόμος.

231 3531 352 3601 Πάντας
371 3535 501 3619 δαμάζει
522 3537 573 3599 καὶ
594 3539 627 3601 τδ
651 3543 750 3620 νεῦμα
768 3540 821 3619 τῆς
843 3535 969 3616 τρυφῆς·

231 3614 341 3702 Τρυφὴ
361 3641 518 3705 χαρακτηρ
542 3642 583 3683 ων
605 3645 623 3704 η
654 3647 669 3686 ο
690 3644 762 3689 νοος
780 3622 898 3700 κοῦφος
917 3618 1033 3701 φρονεῖ.

231 3697 338 3766 Κακού
358 3705 516 3790 χαρακτὴρ
538 3706 665 3788 γλῶσσα
684 3710 740 3768 νού
762 3699 963 3783 κακύστομος.

878 3801 941 3862 16⁴
