2884 4650
713 520 776 581 358

295 691 453 765 Purasque
472 689 643 747 connivebit
667 690 719 747 illa
741 690 880 766 pupulas,

298 774 405 835 Saeuis
423 774 556 833 Achaeis
580 776 759 851 vapulantes
780 775 873 833 Ionas

220 859 272 914 990
298 859 426 933 Videris,
445 860 582 936 luporum
602 868 632 917 et
654 861 779 919 civicam
801 867 953 935 agrestum
979 878 1094 916 necem.

298 944 426 1019 Quando
448 942 585 1003 camillus
601 946 740 1020 publicus
761 945 869 1002 flamen
890 944 1012 1017 cadens,

296 1030 418 1089 Primus
437 1037 559 1106 tepente
582 1038 704 1107 sparget
723 1048 804 1086 aram
827 1030 984 1106 sanguine.

297 1116 433 1191 Itemque
454 1131 530 1173 saxa
550 1114 670 1190 plurimi
693 1114 864 1186 Tullensia,

296 1200 363 1259 Nec
385 1218 445 1257 non
462 1199 571 1256 marini
593 1200 769 1276 prominens
791 1199 862 1257 Lini
879 1200 992 1277 iugum,

220 1284 271 1339 995
298 1286 439 1362 Regnata
459 1284 585 1342 adibunt
607 1302 677 1343 arva
697 1284 818 1359 priseae
839 1284 999 1346 Amazoni.

296 1369 489 1446 Emancipati
509 1368 639 1427 feminae
662 1388 767 1429 servae
787 1370 865 1446 iugc,

298 1454 394 1529 Quam
416 1452 597 1512 servientem
619 1462 760 1513 strenuae
782 1453 911 1530 viragini

301 1540 415 1615 Vagam
434 1537 564 1614 repellet
583 1540 663 1597 unda
685 1539 724 1595 ad
746 1540 885 1619 hospites
909 1538 1006 1608 sinus,

297 1623 448 1700 Exculpta
470 1622 554 1681 euius
572 1623 749 1681 interemtae
770 1623 886 1681 lumina
1014 1626 1017 1632 '

223 1712 289 1765 1000
298 1710 375 1767 Leto
399 1715 523 1766 cruento
544 1709 703 1767 minionem
726 1708 846 1767 simium

300 1793 452 1866 sternent,
476 1793 574 1851 trifaci
596 1795 731 1853 saucium
752 1794 903 1870 longurio.

298 1878 489 1939 Crotoniatae
510 1879 660 1937 civitatem
683 1878 803 1936 diruent

297 1964 473 2036 Amasonis,
493 1965 600 2021 fortem
622 1972 766 2022 necantes
788 1963 935 2039 virginem
1000 1962 1210 2039 [Amazonici]

300 2049 428 2122 (betam,
450 2049 643 2123 imperantem
669 2050 785 2125 patriae.
807 2047 993 2125 cognomini:

223 2136 289 2190 1005
299 2136 339 2194 Et
359 2134 430 2193 inde
450 2142 561 2191 terram
580 2134 729 2191 mordicus
753 2152 841 2209 quarn
861 2132 980 2208 plurimi

299 2220 395 2279 Proni
415 2219 614 2296 prehendant,
637 2238 692 2276 nec
714 2219 872 2277 laboribus
892 2218 957 2275 sine
1003 2235 1007 2264 ι

199 2357 204 2369 .
298 2304 475 2382 Lauret[a]c
496 2304 610 2384 alumni
632 2304 754 2362 moenia
772 2304 944 2378 aequabunt
963 2300 1039 2361 solo.

298 2391 361 2449 Alii
383 2390 544 2462 Turenum,
567 2409 627 2466 qua
645 2392 742 2448 fluens
765 2390 914 2449 Ocinarus

298 2476 447 2534 Recentat
468 2495 549 2548 arva,
570 2477 707 2533 februum
731 2483 870 2532 eructans
889 2491 1009 2547 aquam,

223 2561 408 2619 10¹0Errore
428 2561 586 2619 lixabundi
611 2568 641 2618 et
662 2560 814 2617 aerumnis
839 2559 945 2616 colent.

301 2643 362 2705 Sed
387 2652 416 2702 et
438 2646 570 2704 secunda
591 2646 680 2704 laude
703 2643 914 2720 pulcritudinis

247 2765 250 2770 ·
300 2729 467 2802 (fluentem,
492 2739 521 2788 et
541 2731 628 2790 almis
649 2749 688 2788 ex
708 2730 906 2806 Lycormaeis
926 2726 1014 2802 aquis

298 2816 417 2874 Fortem
438 2833 637 2889 asperumque
658 2817 753 2874 filium
771 2813 893 2891 Gorgae
918 2813 1022 2869 ducem

220 2973 222 2977 Α
299 2899 388 2958 Medo
411 2897 573 2974 Libyssam
594 2901 723 2958 Thracia
743 2901 905 2958 interram
925 2898 1023 2956 ferent

224 2983 446 3057 lOlelabella‚
467 2985 559 3042 tentis
580 2984 717 3043 involuta
741 2985 859 3043 linteis:

299 3070 390 3130 Modo
413 3089 451 3128 ex
474 3069 608 3145 Libyssa
626 3088 733 3129 rursus
755 3073 868 3129 Auster
889 3068 1029 3125 accidens

301 3157 337 3214 Iu
357 3154 523 3234 Argyrinos
543 3172 649 3211 versus
672 3162 701 3211 et
722 3153 873 3212 Ceraunia

298 3243 399 3315 Feret,
422 3239 541 3299 sonanti
562 3238 684 3297 turbine
702 3238 853 3297 insultans
877 3239 962 3298 salo:

299 3327 360 3387 Ubi
382 3326 479 3385 victus
501 3325 563 3384 illis
587 3325 678 3382 durus
703 3323 905 3382 exantlabitur

225 3417 291 3470 1000
299 3411 455 3470 Lacmouii
474 3411 525 3487 qui
547 3412 656 3469 flumen
676 3408 803 3467 Aeantis
825 3409 940 3466 bibunt.

301 3493 453 3571 Civesque
475 3497 575 3573 capiet
598 3494 717 3554 Crathis
742 3511 846 3550 omnes
869 3491 1039 3570 Colchicis¹

299 3577 386 3638 Polis
405 3581 592 3657 propinquus
614 3581 824 3656 Mylacumque
846 3579 994 3647 terminis,

301 3664 514 3740 (Quotcunque¹
528 3665 610 3726 misit
629 3665 835 3741 quaeritantes
854 3663 946 3721 filiam

299 3754 382 3811 Aaae
402 3756 433 3808 et
450 3747 605 3824 Corintho,
625 3767 759 3827 sponsus
780 3745 909 3820 Itidyaa
922 3750 1097 3822 imperans,

306 4322 401 4418 ,Α
463 4232 633 4418 ’Ἴ
