2884 4650
623 522 681 581 271

478 682 656 752 Eleutetis
677 686 771 767 πολιή
796 706 840 747 ce.
1015 692 1032 759 ζ
1040 692 1111 770 (31)

200 772 346 849 Quamvis
368 791 446 831 cana
468 781 553 832 oetas
572 775 687 839 inmte
708 774 861 851 tepefecit,
886 784 917 832 et
936 776 968 834 in
987 784 1018 835 te

242 857 301 916 Ille
322 856 483 934 Cupidinei
504 877 608 919 mucro
631 860 745 920 furoris
766 859 870 917 hebet:

199 942 359 1002 Debueras
381 942 523 1002 iuvenum
547 964 633 1003 cures
658 944 866 1017 miserescere,
890 964 995 1004 eornm

241 1029 395 1104 Expertus
418 1029 502 1087 noris
527 1046 604 1103 cum,
625 1028 780 1101 Cleobule,
803 1029 898 1101 faces,

198 1111 267 1172 Nec
288 1132 379 1188 super
397 1114 528 1172 assuetis
548 1115 733 1173 stomachari
752 1115 856 1187 rebus,
876 1115 1039 1173 honestum

240 1198 400 1258 Foeminei
425 1198 531 1274 eapitis
552 1219 609 1257 nee
628 1199 777 1276 populare
799 1199 901 1258 decus.

198 1285 281 1361 Ergo
300 1292 454 1344 momento
479 1303 558 1342 nunc
579 1284 626 1342 illi
646 1302 753 1343 versus
776 1284 808 1341 in
827 1286 945 1343 hostem
969 1304 1013 1357 es,

241 1367 326 1442 Quae
345 1376 375 1425 te
398 1368 470 1427 olim
492 1371 592 1445 potuit
612 1370 708 1447 patris
730 1370 843 1427 habere
863 1370 939 1428 loeo.

526 1534 631 1619 Μέχρι
653 1534 742 1601 τίνος.
768 1567 771 1572 ’
1014 1540 1110 1616 ζ<32)

198 1622 357 1698 Quatenus
380 1623 448 1695 hoc,
473 1624 562 1682 nobis
585 1632 619 1681 ut
637 1622 817 1681 suffuremur
840 1624 964 1698 ocellos,

240 1707 327 1766 Alter
350 1715 379 1765 et
399 1707 523 1767 alterius
544 1709 661 1766 lumina
684 1715 796 1779 servet,
820 1708 897 1766 erit?

198 1792 280 1852 Cura
299 1793 423 1851 fatenda
444 1792 545 1868 pelam
566 1802 621 1852 est.
643 1792 678 1853 si
696 1793 764 1867 quis
777 1801 878 1850 tamen
891 1794 986 1851 hostis
999 1794 1109 1853 amoris

240 1880 302 1937 Ant
322 1878 411 1951 dicto,
434 1885 486 1935 aut
504 1878 585 1937 secto
608 1879 669 1936 vim
691 1885 780 1953 parat
802 1885 892 1953 atque
912 1877 1026 1950 dolum,

196 1964 282 2023 Ense
300 1963 389 2025 malis
410 1964 526 2022 nostris
547 1964 711 2024 medemur.
736 1960 860 2021 Scilicet
881 1982 943 2020 unu

242 2046 373 2109 Suavius
395 2057 444 2109 est
466 2048 554 2107 nobis
578 2050 690 2120 vivere,
715 2047 849 2123 itemque
870 2049 957 2106 mori.

470 2210 513 2275 Εἴ
530 2234 606 2273 ποτε
628 2212 681 2295 μὲν
705 2213 843 2295 κιθάρης.
1013 2219 1109 2296 wil)

195 2302 319 2362 Plectra
338 2321 460 2380 gerens,
477 2296 616 2360 'citharae
634 2301 733 2380 tetigit
746 2302 782 2381 ,Si
800 2302 854 2360 fila
875 2322 1006 2362 canorae
1016 2328 1024 2378 ;

240 2388 370 2446 Aemula
391 2387 612 2465 Terpsichores
634 2406 704 2445 ersa
727 2389 808 2445 canit
826 2389 946 2447 fidibus.

198 2472 439 2550 Grandiloquam
461 2473 577 2550 tragico
597 2489 700 2530 vocem
722 2473 748 2531 si
767 2475 878 2548 rumpit
898 2475 997 2546 bietu3

238 2558 449 2634 Melpomenes
471 2559 595 2616 bombos
617 2558 758 2632 exprimit
780 2579 834 2616 ore
856 2560 950 2636 gravi.

197 2641 233 2704 Si
258 2651 339 2702 mota
360 2652 407 2702 est
426 2644 544 2702 formae
566 2642 604 2700 lis
628 2643 664 2700 de
688 2644 868 2715 certamine3
894 2646 1004 2704 victam

240 2727 375 2805 Cypride
396 2729 443 2787 vel
463 2729 556 2786 iudex
577 2728 688 2786 dixerit
708 2729 774 2803 ipse
796 2728 895 2788 Paris.

197 2812 260 2874 Sed
280 2813 388 2872 melius
413 2822 539 2886 taceam,
562 2833 600 2872 ne
616 2813 756 2872 Bacchus
777 2814 922 2889 inaudiat,
946 2836 981 2874 ac
997 2838 1035 2876 ne

240 2896 423 2958 Concubitus
443 2899 555 2958 furient
576 2899 665 2971 hune,
689 2899 834 2973 Ariadna,
854 2901 906 2959 tui.

625 2986 684 3042 vel:

239 3067 358 3126 Rursus
381 3068 551 3128 Ariadncos
576 3078 701 3147 expetat
719 3069 772 3126 ille
790 3071 905 3131 thoros.

564 3235 732 3320 Φωσφόρε.
1013 3241 1107 3318 ζ(34)

195 3321 295 3380 Parce
318 3320 495 3399 Cupidineo,
515 3344 570 3384 nee
593 3333 622 3382 te
645 3325 757 3384 vicinio
775 3328 882 3385 Martis

239 3408 325 3465 Mitis
347 3409 492 3468 dedoeeet
512 3418 646 3486 pectora,
668 3429 758 3486 parce
782 3431 877 3470 sacro.

196 3493 296 3566 Atque
308 3502 341 3550 ut
350 3495 431 3571 apud
443 3493 617 3572 Clymenem
633 3496 958 3556 servansPhaetbonta
969 3494 1107 3554 decorum

241 3575 356 3637 Cursor
378 3581 416 3638 ab
437 3590 555 3655 exortu,
574 3582 768 3658 Phosphore,
787 3581 887 3639 lentus
911 3599 993 3640 eras:

197 3659 260 3735 Sic,
281 3663 355 3720 mihi
378 3683 455 3740 quae
477 3666 585 3744 cupido
607 3667 658 3724 vix
682 3685 715 3724 se
737 3667 836 3738 offert,
853 3673 939 3724 nocte
961 3668 1017 3726 sub
1035 3669 1106 3740 ista,

239 3747 282 3807 Ut
302 3751 359 3808 sub
377 3748 560 3824 Cimmeriis,
581 3752 662 3809 lente
685 3770 811 3824 morare,
831 3770 948 3828 precor.
