2884 4650
625 548 687 608 207

201 715 351 790 Ventique
373 733 481 774 secura
501 716 610 776 lascivi

200 799 355 859 Iniurioso
377 801 485 860 miscet
508 801 552 858 di-

200 893 264 944 ·cta
285 886 441 946 cachinno.
464 889 506 948 At
526 884 632 944 dolore
661 903 719 962 ego
742 886 888 964 contigor.

516 1052 614 1116 Actus
636 1054 807 1116 Secundus.

571 1139 745 1198 Tecmessa.

201 1220 286 1281 Socii
306 1220 422 1295 Aiacis,
447 1222 577 1282 classice
596 1225 703 1299 pubes,
835 1227 856 1270 θ

199 1305 316 1364 Nobile
334 1306 430 1382 prisci
451 1327 574 1384 germen
594 1309 767 1381 Erechthei,

201 1389 330 1462 Quantis
348 1400 449 1450 versat
465 1393 603 1454 fluetibus
626 1394 718 1452 animi

202 1473 411 1534 Telamoniaci
430 1496 488 1536 nos
511 1497 582 1536 cura
605 1478 687 1538 ieris.

200 1560 249 1618 En
266 1560 349 1621 ferus
371 1561 461 1634 Aiax,
483 1572 607 1638 pectore
628 1565 732 1638 crudo,

201 1644 356 1717 Portibus,
378 1665 469 1724 aeger

200 1732 297 1788 Aestu
318 1731 470 1789 conflictat
493 1732 607 1807 iniquo.

201 1813 257 1874 ch.
296 1814 385 1888 Quod
404 1817 567 1892 praeterita
584 1825 673 1878 nocte
695 1819 827 1894 quietem

201 1901 328 1959 Mutavit
352 1920 441 1974 onus,

200 1984 281 2043 Filia
302 1985 427 2064 Phrygii
445 1984 656 2044 Teleutsntis?

200 2069 277 2128 Dic:
299 2090 368 2128 nam
388 2089 506 2130 servam
528 2078 557 2128 te
577 2070 659 2130 ferus
678 2073 759 2132 Aiax

202 2152 295 2215 Socie
315 2155 388 2214 lecti
407 2163 494 2232 parte
514 2156 638 2230 recepit,

201 2238 245 2299 Ut
264 2246 294 2298 tc
314 2240 432 2300 nescire
452 2240 540 2300 nefas
565 2241 614 2299 sit.

200 2324 273 2385 Teo.
315 2327 419 2385 mdua
439 2326 518 2385 dictu
542 2327 622 2386 dicta
644 2329 796 2405 profabor.

200 2410 270 2468 Leti
291 2411 418 2469 similem
439 2413 575 2471 morbum
598 2414 708 2472 audite.

199 2494 321 2554 Efferus
344 2497 408 2569 iris,
433 2498 583 2572 animique
603 2518 696 2576 vagus

200 2580 362 2639 Infandum
384 2582 465 2640 Aiax
489 2600 581 2643 ausus
603 2584 635 2642 in
657 2585 763 2642 umbra
786 2593 847 2645 est:

203 2665 294 2723 Talia
314 2666 373 2723 iam
391 2665 463 2725 licet
483 2668 564 2726 intus
586 2686 709 2727 cernere

202 2750 328 2808 Patrata
349 2769 440 2809 manu
461 2771 547 2811 sacra
569 2763 703 2826 cruente,

201 2835 333 2895 Pulchra
353 2837 410 2893 viri
431 2846 518 2915 gesta
538 2838 676 2899 furentis.

539 2922 665 3001 Stropbe
691 2926 771 2985 XII.

203 3003 259 3065 ch.
304 3004 382 3063 Mira
402 3005 531 3079 indicas,
550 3008 625 3067 mira
643 3011 722 3069 torvi

200 3090 296 3149 Facta
314 3090 410 3150 refers
433 3092 576 3165 hominis,

200 3175 320 3249 Iniqua,
341 3175 573 3253 inexplieanda:

203 3260 290 3336 Quae
313 3279 457 3337 proceres
477 3262 576 3323 Danai

201 3344 282 3405 Male
303 3345 491 3423 famigemnt,

201 3428 346 3504 Quaeque
366 3450 475 3507 procax
494 3454 597 3493 rumor
617 3436 748 3495 acerbat.

200 3515 281 3574 Hem
304 3534 392 3591 quem
415 3517 527 3579 exitum
550 3538 601 3579 res
621 3520 764 3579 habiture
782 3517 849 3577 cst?
950 3551 953 3557 ι

200 3601 305 3660 Habet
327 3601 394 3660 hoc.
414 3602 516 3669 furore

202 3684 269 3747 Sibi
290 3686 349 3745 iam
369 3686 477 3750 afferat
497 3690 549 3749 ille

201 3773 325 3833 Munus:
349 3773 462 3852 quippe
482 3776 534 3850 qui
556 3783 601 3834 tot
