2884 4650
535 612 536 616 Ἰ
642 535 683 596 69

201 704 252 762 Tu
275 709 380 761 contra
399 703 557 778 (horresco
582 705 769 781 memorans)
790 705 838 763 hic
859 706 925 763 iura
946 707 1096 785 fidemque

202 789 339 860 calcata,
364 788 414 845 hic
434 789 552 864 patriae
575 809 751 850 conversum
772 789 804 846 in
824 790 942 849 viscera
959 792 1099 868 ferrum,=

201 874 301 950 (Proh
314 870 433 956 pudor)
456 873 616 950 Hispanos
639 875 774 934 dominos
793 874 825 931 in
847 882 927 933 tecta
946 888 1098 956 receptos,

199 961 334 1019 Mutatos
359 956 515 1016 Gallorum
537 960 664 1032 animos,
690 969 719 1017 et
741 959 845 1018 saecla
863 968 1008 1036 nepotum

200 1045 419 1120 Degenerasse
442 1043 538 1102 refers
563 1044 701 1102 virtutem
725 1043 822 1102 oblita
842 1054 1018 1120 parentum:
1084 1095 1090 1103 .

200 1134 248 1190 Ac
268 1136 300 1186 te
319 1127 470 1199 faelicem,
494 1129 542 1186 cui
567 1130 702 1206 contigit,
724 1130 784 1188 ista
806 1130 983 1206 priusquam

200 1213 340 1290 Longius
359 1213 391 1270 in
414 1213 542 1272 miseros
565 1222 690 1291 serpant
712 1215 850 1291 contagia
872 1213 989 1289 Gallos,

201 1298 384 1375 Oppetiisse
408 1305 508 1357 tamen
529 1298 685 1374 pulchram
702 1319 760 1375 per
779 1299 907 1358 vulnera
925 1310 1060 1361 mortem.

201 1383 344 1458 Denique
368 1390 398 1440 et
418 1383 474 1440 hoc
496 1383 616 1456 melius,
639 1403 727 1459 quam
749 1385 777 1443 si
794 1392 824 1442 te
846 1385 946 1443 lurida
969 1388 1056 1448 tabes

200 1469 358 1528 Devotum
378 1469 485 1526 morbo
511 1477 611 1545 eaput,
636 1477 665 1526 et
688 1468 755 1528 sine
779 1470 899 1527 nomine
919 1470 1011 1531 funus

201 1556 381 1614 Absumset.·
404 1552 524 1626 melius,
543 1573 632 1628 quam
656 1556 683 1614 si
706 1563 736 1612 te
757 1555 889 1630 caespite
911 1555 966 1613 vili

202 1638 405 1716 Suppositum
425 1638 539 1696 velaret
562 1639 668 1697 humus
692 1640 867 1716 peregrina:
888 1659 985 1714 neque
1005 1642 1086 1702 ullus
1197 1664 1199 1667 ’

200 1723 349 1798 Exequiis
373 1723 490 1798 patriae
511 1724 700 1802 contingeret
723 1725 848 1783 haustus
868 1743 990 1799 menae,

201 1812 264 1870 Aut
284 1807 430 1880 tumulus,
449 1809 565 1867 tumulo
592 1817 622 1866 et
638 1809 691 1866 leti
714 1810 910 1885 superaddita
930 1829 1041 1870 caussa

201 1895 243 1953 Et
263 1893 367 1964 funus,
389 1892 440 1967 qui
464 1892 545 1952 solus
568 1894 668 1953 honos
693 1901 740 1952 est
761 1895 875 1951 lumine
898 1895 1007 1954 cassis.

201 1979 251 2037 Tu
270 1977 420 2053 loqueris:
443 1979 551 2036 tacitus
576 1979 736 2056 suspensis
761 1979 884 2037 auribus
907 1979 962 2035 illa
1069 2001 1074 2010 =

200 2063 379 2124 Conventus
403 2062 480 2121 bibit
501 2062 653 2122 Heroum:
676 2082 733 2121 nec
754 2063 815 2120 iam
836 2072 889 2122 tua
911 2065 1006 2122 sentis

201 2149 354 2208 Vulnera:
375 2167 439 2206 non
458 2149 598 2226 gemitus,
620 2169 678 2207 non
701 2149 776 2206 haec
797 2149 936 2206 mortalia
957 2168 1060 2209 curas:

203 2235 243 2292 Et
264 2253 342 2308 quae
365 2252 424 2291 non
448 2253 535 2292 ouras
559 2234 647 2292 nobis
672 2233 812 2291 deflenda
830 2234 992 2309 relinquis.

202 2318 370 2392 Flebimus‚
393 2324 423 2375 at
443 2319 581 2391 memori,
610 2319 637 2378 si
658 2319 731 2395 quid
747 2320 801 2396 pia
822 2320 958 2378 earmina
978 2330 1118 2397 possunt,

201 2404 238 2465 Si
259 2404 328 2480 quis
347 2423 434 2462 amor
449 2404 512 2462 veri
536 2412 592 2475 est,
616 2413 644 2461 te
668 2404 944 2477 commendabimus
968 2424 1054 2465 aevo.

202 2490 349 2549 Dicemus
373 2490 481 2548 validis
501 2489 646 2547 defensas
665 2490 779 2547 viribus
803 2509 900 2556 arces,

200 2574 302 2649 Quam
324 2573 501 2650 Gardampa
515 2593 622 2652 rapax,
638 2581 667 2632 et
680 2593 769 2648 quam
785 2571 859 2633 lavit
868 2592 958 2631 amne
968 2574 1117 2653 Vigenna.

200 2660 361 2719 Addentur
383 2659 451 2718 fuso
473 2659 613 2737 palantes
635 2658 757 2735 agmine
777 2667 894 2718 turmae

202 2744 273 2804 Non
297 2744 426 2818 sinete,
448 2753 478 2809 et
499 2745 580 2821 turpi
603 2751 756 2803 vertentes
776 2752 862 2823 terga
884 2744 999 2804 timore.

201 2833 247 2890 Ac
267 2829 406 2905 quamvis
431 2828 536 2889 titulus
557 2828 658 2905 plenis
679 2829 736 2887 tibi
755 2829 902 2889 fructibus
925 2830 1033 2908 ingens

203 2920 363 2989 Armorum
387 2915 493 2972 merito
516 2923 579 2973 est:
602 2922 704 2973 tamen
727 2921 775 2973 est
794 2916 880 2992 prior
899 2915 1003 2973 ordine
1023 2916 1118 2981 virtum

202 3001 242 3059 Et
264 3001 374 3058 doctae
394 2994 535 3076 impubes
557 3006 641 3057 aetas
664 3008 792 3076 operata
813 3002 978 3059 Minervae.

204 3084 286 3147 Siste
310 3104 422 3162 parens
443 3085 596 3157 lacrimas,
620 3086 713 3142 animi
735 3093 875 3145 matrona
895 3085 1003 3159 virilis,

204 3168 237 3231 si
256 3190 317 3245 qua
340 3170 416 3245 fides
438 3178 541 3229 vatum
564 3170 709 3247 auguriis,
732 3179 834 3228 manet
853 3169 976 3229 ultimus
998 3171 1119 3227 hostem
1198 3183 1202 3190 '

203 3255 329 3324 Exitus;
351 3255 431 3313 haud
456 3255 561 3313 humili
580 3255 734 3332 persolvet
754 3256 873 3314 vindice
893 3272 1017 3332 poenas.

204 3341 327 3399 Interea
347 3342 402 3399 has
419 3340 574 3413 lacrimas,
596 3340 705 3399 solatia
726 3360 804 3399 vana
830 3339 946 3399 doloris

203 3426 317 3502 Accipe
339 3444 408 3483 care
428 3446 514 3502 puer,
535 3426 605 3484 dum
626 3426 750 3503 paulum
770 3445 843 3483 cura
861 3422 993 3482 remissa

203 3510 306 3569 Laxat
326 3511 385 3569 iter
406 3512 481 3584 voci,
504 3520 537 3568 ut
560 3511 650 3569 liceat
671 3519 725 3569 tua
744 3511 843 3568 dicere
865 3510 954 3565 facta.

202 3597 316 3672 Accipe
337 3614 406 3655 cure
426 3616 503 3673 puer
522 3596 675 3669 lacrimas,
701 3596 846 3668 salveque
869 3593 1006 3669 valeque.
