2884 4650
581 559 732 652 A

199 726 336 788 Urbibus
354 733 388 782 ut
408 743 509 802 reges,
534 726 578 784 sic
597 728 718 804 regibus
739 727 867 803 imperat
889 729 1035 804 Aequum.

199 811 268 884 Quo
292 810 389 888 magis
412 808 481 882 has,
503 808 612 869 dilecte
633 830 719 889 puer,
740 812 881 870 maturior
901 820 982 873 artes

198 896 350 973 Praecipe
374 895 463 952 corde
483 893 594 969 libens,
618 904 648 954 et
671 897 744 956 totis
765 897 904 956 sensibus
925 897 1020 956 hauri.

199 981 338 1062 Tempus
359 980 426 1052 erit,
448 981 567 1056 quando
589 988 689 1039 tuate
713 988 849 1057 spectata
868 1001 924 1058 per
945 983 1014 1042 illas

198 1070 338 1144 Augusto
358 1064 482 1122 Patrum
503 1065 598 1125 virtus
621 1067 751 1125 ascisset
772 1066 884 1125 honori.
996 1100 1000 1108 =

198 1151 341 1210 Dixerat.
366 1149 528 1224 Obsequiis
549 1170 684 1227 puerum.
698 1151 862 1210 maioribus
886 1159 990 1228 aptum
1041 1143 1042 1148 ἵ

199 1236 327 1313 Excipit
348 1235 429 1292 alma
444 1235 585 1309 Themis,
608 1237 726 1313 magnis
749 1244 779 1293 et
800 1234 932 1295 destinat
955 1237 1047 1297 actis:

200 1320 297 1382 Sacra
318 1321 415 1392 docet,
437 1319 537 1397 legum
557 1321 688 1393 tabulas,
709 1328 740 1378 et
758 1321 877 1379 condita
894 1321 961 1381 iura

199 1408 363 1478 Monstrat,
386 1412 416 1462 et
435 1406 581 1464 instructo
602 1406 663 1463 iam
687 1405 784 1464 civica
803 1407 933 1484 porrigit
954 1425 1046 1464 arma.

199 1492 257 1551 Est
277 1491 377 1562 locus,
399 1489 565 1548 austrinum
586 1509 646 1564 qua
665 1509 778 1567 pronus
797 1490 894 1568 vergit
918 1491 950 1549 in
971 1510 1061 1551 axem

201 1575 346 1654 Signifer,
369 1583 400 1632 et
420 1584 525 1634 noctes
550 1573 662 1634 Chelae
684 1593 750 1632 cum
772 1575 889 1634 lucibus
910 1584 1049 1652 aequant.

200 1660 260 1719 Hic
280 1661 350 1733 sibi,
371 1660 440 1716 dum
461 1661 579 1735 priscas
602 1677 698 1719 exosa
715 1660 901 1736 relinqueret
918 1663 1021 1735 urbes,

201 1744 407 1822 Conspicuam
428 1745 534 1821 posuit
552 1745 648 1822 signis
667 1748 797 1803 Astraea
816 1746 959 1819 tribuual,
1059 1782 1063 1790 -

200 1830 290 1890 Unde
315 1847 403 1888 sacro
426 1836 519 1887 totum
544 1830 750 1888 moderamine
771 1837 919 1906 temperat
939 1832 1053 1903 orbem,

200 1916 240 1974 Et
262 1915 384 1992 stringit
405 1913 553 1972 scelerum
575 1914 687 1972 vindex
707 1915 739 1972 in
766 1915 891 1972 crimina
910 1933 1031 1974 numen.

200 2000 260 2060 Hic
278 1999 377 2057 incisa
396 1999 477 2057 notis
498 2000 600 2057 media
620 2000 772 2058 testudine
792 1999 863 2056 tecti

199 2090 298 2160 Atque
318 2103 389 2142 aere
411 2103 451 2142 ex
474 2084 579 2142 solido·
594 2084 695 2161 legum
715 2083 866 2143 tabularia
884 2083 1026 2160 pendent.

199 2170 286 2230 Atria
307 2169 391 2227 clara
412 2169 516 2228 domus
540 2170 647 2227 dextra
667 2169 814 2243 laevaque
839 2176 959 2229 tuentur

198 2255 318 2314 Felices
339 2248 469 2328 animae,
494 2255 579 2312 caelo
602 2262 720 2314 sacrata
741 2254 870 2312 virorum

198 2340 346 2413 Nomina,
368 2341 511 2417 purpurei
532 2348 605 2417 toga
626 2360 700 2415 quos
720 2340 834 2399 velavit
855 2339 992 2398 honoris:

199 2425 331 2499 Quorum
354 2425 489 2484 consiliis
513 2433 610 2482 tutata
632 2435 679 2484 est
700 2424 793 2484 Curia
813 2442 953 2501 regnum:

199 2509 281 2583 Quos
306 2530 365 2568 non
385 2511 432 2569 vis
456 2510 529 2582 odii,
552 2530 610 2568 non
630 2510 711 2568 illice
733 2509 830 2588 gratia
851 2509 919 2567 fuco
957 2520 959 2531 '

197 2595 385 2653 Incolumem
406 2596 477 2653 iusti
501 2596 595 2653 vetuit
614 2614 736 2653 servare
760 2602 902 2652 tenorem.

198 2680 264 2739 Hos
288 2680 358 2738 Dea
378 2700 435 2756 pro
459 2680 574 2739 meritis
598 2680 629 2737 in
655 2680 733 2739 coeli
755 2688 841 2757 parte
860 2677 982 2737 locavit.

198 2766 283 2823 Inter
304 2783 391 2841 quos,
413 2765 497 2823 celsa
514 2764 684 2823 Puteanum
701 2773 734 2822 ut
757 2764 830 2823 vidit
851 2765 889 2822 ab
911 2764 1036 2835 Aethra,

198 2850 388 2927 Praecipuae
410 2850 492 2909 sedis
514 2851 584 2909 loca
605 2850 716 2928 deligit
740 2849 831 2908 Hunc
854 2868 984 2923 quoque,
1008 2848 1096 2920 dixit,

199 2936 264 2995 Ista
282 2943 385 2993 manet
403 2935 503 3007 sedes,
522 2942 683 3012 postquam
705 2930 1008 3012 perfecerit'omnes,

200 3020 285 3096 Quos
308 3019 379 3078 fatis
404 3019 503 3091 debet,
525 3040 587 3078 non
608 3038 682 3093 quos
705 3020 868 3092 natalibus,
892 3038 997 3078 annos.

198 3109 298 3180 Atque
322 3105 436 3162 utinam
459 3111 568 3181 posset
589 3106 764 3182 contingere
786 3104 907 3181 lougius
928 3120 1045 3172 aevum,

199 3190 238 3249 lit
256 3198 373 3248 tantum
398 3190 486 3262 vitae,
507 3197 650 3265 quantum
673 3190 857 3266 splendoris,
881 3190 1014 3246 haberet.

200 3274 268 3335 Diis
290 3276 379 3333 aliter
399 3274 507 3347 visum,
531 3274 612 3334 vitiis
634 3274 685 3349 qui
706 3275 805 3352 gentis
827 3273 923 3348 iniqui

199 3359 372 3432 Humanae,
396 3367 517 3419 sanctas
540 3359 657 3418 animas
680 3360 717 3417 de
738 3378 863 3436 corpore
887 3354 1018 3427 solvunt,

199 3445 299 3521 thue
322 3444 417 3504 malos
440 3445 596 3517 mulctent,
618 3444 740 3522 privant
761 3445 818 3502 hos
840 3440 907 3498 luce
925 3441 1080 3500 bonorum.

200 3530 332 3603 Interea,
353 3531 423 3587 dum
446 3530 564 3588 culmen
586 3529 613 3587 ei
636 3530 764 3589 sublime
786 3543 939 3603 paramus,

199 3615 316 3673 Lucida
337 3634 398 3692 qua
419 3608 517 3673 iustae
537 3615 654 3692 fulgent
676 3612 818 3672 examina
838 3610 961 3683 Librae,

199 3699 238 3758 ltt
259 3708 348 3759 vacat
369 3700 439 3758 huic
463 3700 564 3773 sedes,
584 3717 673 3773 quam
694 3695 919 3773 designavimus
941 3696 986 3754 illi
1072 3713 1075 3719 ·

200 3784 267 3845 Hos
290 3786 371 3843 inter
394 3802 549 3862 proceres,
574 3802 629 3843 sua
651 3801 728 3857 quos
746 3780 913 3841 illustribus
929 3781 1067 3842 Aethrae

863 3878 907 3939 6,
