2884 4650
583 538 731 632 „ffl-

285 701 460 785 Παροιμίας
481 701 536 783 μὲν
556 700 644 787 ἔργον
668 701 732 766 ἔστι
752 703 908 784 συλλέγειν

284 784 349 850 Καὶ
367 789 428 847 τῶν
449 784 618 870 τυχόντων·
643 788 777 870 ἐκλέγειν
801 788 846 863 δὲ,
869 793 927 850 τῶν
950 795 1066 874 σοφῶν.

506 951 586 1017 Ἀπδ
611 955 797 1040 ἑξαμέτρων.

192 1039 233 1105 Ἀ
256 1038 489 1124 φιλοχρηματία
512 1037 653 1123 Σπάρταν
678 1040 757 1115 έλοι,
780 1039 858 1104 ἀλλο
884 1041 919 1103 δὲ
941 1041 1041 1106 οὐδέν.

193 1125 317 1189 Ἀέτιον
340 1128 437 1205 γῆρας
460 1123 594 1207 κορύδου
617 1124 760 1207 νεότητος
780 1124 916 1207 ἀμεινον.

197 1211 293 1292 Αἰγὸς
315 1208 519 1291 ἐπιπρητὴνυς
539 1208 673 1292 ἐρυθροῦ
697 1211 779 1292 πήρη
806 1211 924 1294 ἀρίστη.

198 1294 305 1360 Αἰδὼς
328 1292 385 1354 ούκ
403 1290 506 1378 ἀγαθὴ
529 1293 712 1378 κεχρημένῳ
730 1295 816 1377 ἀνδρὶ
838 1296 994 1378 παρίκτη.,

198 1381 268 1444 Atel
290 1376 322 1439 δ’
349 1378 435 1459 ἀνδρὶ
457 1376 578 1458 γέροντι
601 1378 671 1440 νέαν
692 1381 880 1463 ποτιβοὶλλεο
904 1381 1030 1464 κούραν.

197 1465 267 1528 Αἰεὶ
289 1460 457 1523 τοιούτοισι
480 1461 649 1544 διωκοίμην
671 1462 845 1545 πολέμοισι.

197 1549 255 1618 Αἲξ
281 1545 371 1609 οὔπω
389 1544 521 1621 τέτοκεν,
545 1545 651 1630 ἔριφος
674 1547 699 1609 δ’
725 1548 774 1610 ἐπὶ
797 1549 926 1631 δώματα
948 1550 1059 1620 παίζει.

199 1630 336 1717 Αἰσχρύν
360 1653 409 1692 τοι
429 1628 522 1713 δηρύν
546 1653 579 1691 τε
599 1630 712 1713 μένειν,
731 1631 836 1698 κενεόν
859 1657 892 1695 τε
914 1633 1047 1697 νέεσθαι.

193 1717 344 1799 Ἀκλητοι
362 1715 459 1776 δειλοὶ
482 1714 607 1795 ἀγαθῶν
631 1716 680 1778 ἐπὶ
700 1719 806 1784 δαῖτας
828 1717 901 1780 ἴασι.

195 1803 315 1886 Ἀκμὴν
339 1797 487 1882 ἑπταέτης
511 1799 553 1860 ῶν
578 1799 635 1863 ούκ
657 1800 811 1885 ἀνέφυσεν
834 1801 971 1870 ὀδόντας.

195 1885 298 1951 Ἀλλά
320 1907 356 1966 γε
377 1883 468 1946 σιτίον
492 1883 526 1945 ἐκ
545 1883 691 1968 καθαρῶν
716 1885 842 1990 ἀχύρων
864 1885 1058 1970 τετρύγηκας.

196 1970 297 2036 Ἀλλά
319 1971 515 2053 προσωπεῖον
537 1969 592 2050 μὲν
614 1968 706 2053 ἔχεις,
728 1993 826 2050 γυναι,
849 1971 884 2033 ού
909 1971 1111 2053 ὶπρύσωπον.

196 2058 330 2120 Ἀλλοτε
352 2053 379 2115 δ’
405 2053 531 2124 ἀλλοῖον
552 2052 688 2116 τελέθειν
711 2054 763 2116 καὶ
784 2056 874 2139 χῶρογ
887 1995 1033 2118 έπεσθαι.

193 2141 329 2205 Ἀλλοτε
350 2139 480 2220 μητρυιὴ
504 2137 593 2201 πέλει
615 2138 729 2223 ὴμέρη,
753 2137 866 2203 ἄλλοτε
888 2140 997 2223 μήτηρ.

197 2224 288 2291 Ἀλλ’
314 2223 405 2286 οὐδὲν
426 2224 496 2306 περὶ
517 2224 568 2285 τδν
592 2224 697 2308 βωμδν
722 2226 773 2286 δεῖ
789 2224 843 2291 τάς
865 2224 1009 2291 ἐπινοίας.
1085 2253 1086 2258 “

195 2307 289 2375 Ἀλλ’
309 2308 369 2371 ύπδ
391 2310 479 2371 παντὶ
499 2306 578 2394 λίθιμ
597 2309 648 2371 καὶ
669 2310 763 2395 βώλῳ
785 2309 929 2392 σκορπίος
951 2309 1045 2374 εύδει.

197 2394 390 2479 Ἀνδροίποδ’
404 2393 438 2456 ἐκ
458 2392 604 2476 Φρυγίης,
627 2394 663 2455 ἐκ
682 2394 712 2456 δ’
732 2394 899 2477 Ἀρκαδίης
920 2394 1129 2479 ἐπικούρους.

197 2481 305 2563 Ἀνδρὶ
328 2476 494 2562 Γεφυραίιρ
517 2477 601 2545 οἶκος
625 2478 724 2561 φίλος,
746 2478 830 2544 οἶκος
849 2477 979 2563 ἀριστος.

195 2565 279 2631 'sz’
304 2562 482 2645 εὐεργεσίης
501 2560 716 2644 Ἀγαμέμνονα
738 2566 821 2627 τῖσαν
843 2562 995 2647 Ἀχαιοί.

197 2647 372 2736 Ἀργαλέον
394 2645 564 2730 φρονέοντα
583 2647 660 2731 πάρ’
682 2646 801 2731 ἄφροσι
824 2646 919 2709 πόλλ’
942 2648 1113 2731 ἀγορεύειν.

194 2732 381 2820 Ἀργορέαις
401 2730 544 2815 λύγχαισι
570 2732 684 2816 μοίχου,
709 2733 761 2795 καὶ
778 2733 876 2794 πάντα
897 2734 1100 2816 δαμοίο[σ]εις.

142 2875 147 2887 .
196 2818 365 2905 Ἀρκαδίην
392 2815 425 2897 μ’
448 2818 552 2892 αἰτεῖς,
575 2815 652 2899 μέγα
671 2818 702 2901 μ’
728 2817 830 2884 αἰτεῖς.
857 2816 894 2879 ού
916 2841 963 2881 τοι
986 2820 1090 2883 δῶσω.

195 2904 315 2990 Ἀρχὴν
340 2903 445 2964 ἰᾶσθαι
467 2900 545 2963 πολὺ
570 2902 675 2980 λῶϊον,
697 2904 736 2987 ὴὲ
758 2902 911 2984 τελευτήν.

194 2990 355 3055 Ἀισονται
376 2983 445 3047 τύτε
466 2985 581 3061 κύκνοι,
603 2984 675 3049 ὅταν
700 2991 805 3069 σιγῶσι
825 2989 954 3051 κολοιοί.

200 3074 337 3155 Αδγάίω
360 3070 437 3152 πρὸς
452 3066 613 3152 Ὄλυμπον
637 3072 826 3157 ἀταρβήτησι
846 3075 1035 3155 προσωπαῖς.

199 3159 371 3241 Αύτοίρκων
398 3154 589 3236 εὐδαιμονίη,
612 3157 697 3239 φιλίη
717 3156 752 3219 δὲ
775 3156 919 3240 βεβαίων.
1086 3216 1088 3221 .

200 3244 320 3309 Αύτίκα
342 3240 393 3323 καὶ
417 3238 497 3322 φυτά
519 3240 610 3320 δῆλα,
635 3241 671 3303 τὰ
695 3239 802 3323 μέλλει
825 3240 951 3324 κοίρπιμ’
974 3237 1112 3301 ἔσεσθαι.

201 3328 382 3409 Αύτύματοι
405 3325 433 3386 δ’
456 3323 569 3404 ἀγαθοὶ
592 3324 716 3406 ἀγαθῶν
741 3324 791 3387 ἐπὶ
813 3326 919 3391 δαῖτας
941 3322 1014 3385 ίασι.

200 3410 300 3495 Βαίτη
324 3410 376 3473 καὶ
399 3406 509 3492 θέρεος
528 3408 579 3470 καὶ
598 3408 745 3493 χείματύς
765 3409 843 3471 ἐστιν
867 3406 984 3488 ἀρίστη.
1080 3466 1084 3483 ,

201 3496 346 3579 Γαστέρα
370 3516 423 3576 μοι
443 3492 614 3577 προφέροις
637 3495 797 3557 κάλλιστον
820 3491 938 3558 ὄνειδος
958 3492 1113 3557 ἁπάντων.

239 3579 282 3645 Ἣ
302 3580 423 3662 πλήρης
443 3579 497 3660 μὲν
521 3577 727 3663 ἐλαφροτοίτη,
742 3577 831 3657 κενεὴ
855 3576 890 3637 δὲ
910 3576 1030 3659 βαρεῖα.

201 3666 342 3749 Γαστρδς
365 3664 425 3725 ἀπὸ
450 3663 558 3744 πλείης
581 3663 678 3746 βουλὴ
700 3662 751 3724 καὶ
773 3664 858 3741 μὴτις
882 3660 1004 3743 ἀρείων.

201 3750 226 3815 Γ
229 3751 363 3829 λαύκ)[,]
380 3747 542 3830 ἐπίκουρος
560 3747 636 3832 ἀνὴρ
650 3746 759 3810 τόσσον
774 3744 862 3828 φίλος
876 3742 908 3813 ές
918 3769 951 3811 τε
964 3748 1112 3833 μάχηται.
