2884 4650
620 539 682 600 241

195 702 295 772 Μόλις
316 704 453 788 τυράννῳ
474 706 586 787 προῖκα
610 704 783 791 βασιλεύειν
804 702 903 787 θέμις.

195 785 316 873 Κέρδος
341 787 479 873 βρότειον
500 788 667 875 τῆν-τύχην
688 792 774 851 ποιεῖ
787 788 878 852 θεόν.
919 826 923 832 ·

195 871 300 957 Σοφδς
321 877 486 956 φρενοῦται
507 878 585 935 τοῖσι
605 878 664 936 τῶν
687 870 790 940 πέλας
805 876 920 942 κακοῖς.

196 953 239 1021 Τδ
263 959 324 1018 τῶν
344 956 375 1019 ἐν
399 958 471 1042 ῦψει
491 957 596 1041 πτῶμ’
619 956 893 1042 ἐπισφαλέστατον.

193 1037 342 1125 Ἔγείρετ’
366 1038 446 1127 ἔργῳ
468 1042 503 1104 τὸ
525 1043 631 1118 κακὸν,
655 1040 731 1105 ἀλλ’
755 1040 812 1104 οόκ
831 1039 969 1126 ἄρχεται.

194 1121 372 1207 Ὀλιγοστόν
394 1126 456 1187 ἐστι
477 1124 578 1203 τοῦθ’,
603 1127 678 1210 ὅπερ
701 1129 802 1204 ζῶμεν
823 1126 901 1210 βίου.

195 1207 319 1294 Πάτρας
342 1210 505 1295 στερίσκων
530 1210 621 1274 αὑτὸν
648 1211 713 1273 ἐστ’
739 1210 841 1294 ὀρθῶς
862 1210 970 1314 φυγάς.

191 1289 303 1356 Ῥέπυι
322 1294 350 1376 γ’
376 1292 410 1356 ἄν
434 1295 477 1362 είς
498 1294 530 1356 τὸ
554 1296 657 1379 μωρόν
682 1295 798 1378 εὐήθης
819 1316 940 1377 τροπος.

190 1374 289 1462 Ῥᾷόν
313 1400 371 1463 περ
393 1378 478 1448 αόξει
500 1376 525 1440 τ’
551 1378 664 1462 ἀξίωμ’
689 1381 709 1462 ῆ
730 1379 867 1462 ἄρχεται.

195 1460 289 1525 Ποιεῖ
307 1468 443 1545 προσηνῆ
464 1462 515 1526 καὶ
538 1463 588 1525 τὸν
611 1462 766 1545 ἄγνωστον
786 1460 874 1546 τύχη.

195 1543 384 1629 Τυῦγκλνγμα
403 1552 520 1631 χεῖρον,
538 1548 644 1631 πρᾶξιν
665 1548 702 1631 ῆν
725 1550 820 1630 σιγᾷς,
840 1551 947 1617 ποιεῖς.

195 1629 320 1698 Ψεῦδος
339 1630 504 1715 κακόφρων
529 1632 658 1715 διαβολὴ
680 1632 797 1717 ψευδὴς
818 1627 888 1714 ἔφυ.

194 1712 356 1799 Σόμφησιν
381 1715 508 1794 ἀδικεῖν,
555 1717 703 1799 υγυδινιῶν
724 1716 806 1781 ὅστις
826 1721 921 1799 κυρεῖ.

188 1795 308 1881 Ὄλβου
331 1802 466 1863 παλαιοῦ
484 1739 621 1883 θρέμμα,
644 1800 794 1863 πλουσίου
814 1794 918 1882 χόλδς.
985 1812 989 1825 “

196 1882 363 1947 Θάλλουσα
383 1884 474 1947 κακία
494 1884 584 1946 δυστό
608 1884 665 1968 ημ’
688 1885 809 1947 ἐσθλῶν
831 1881 902 1968 ἔφυ.

195 1964 243 2030 Τὰ
263 1969 346 2052 ῥᾷστ’
372 1966 407 2030 ἄν
429 1967 524 2036 οἴσοις
547 1908 657 2032 καᾶτά
682 1971 817 2054 δυσχερῆ
841 1966 954 2051 φέρων.

196 2051 309 2136 Φέρειν
333 2051 454 2136 ἄφυκτα
473 2056 533 2116 τῶν
554 2059 668 2130 κακῶν,
694 2054 735 2137 μῆ
759 2054 921 2135 λοιδορεῖν.

196 2135 309 2221 Φέρων
331 2138 364 2199 τδ
389 2138 521 2222 βλάπτον
545 2139 595 2200 καὶ
616 2140 649 2201 τὸ
670 2139 829 2221 σύμφορον
851 2135 966 2220 φέροις.

195 2217 243 2283 Τά
263 2220 384 2283 πλαστὰ
402 2222 479 2304 πρὸς
499 2222 550 2283 τὸν
572 2220 647 2285 ίδιον
669 2221 704 2285 ἄν
729 2222 841 2306 δράμοι
863 2220 986 2303 τρόπον.

195 2302 259 2369 Τ“ν
281 2306 376 2368 πίστιν
400 2306 456 2369 υόκ
477 2304 597 2371 ὀλέσειε
615 2307 694 2392 πλῆν
718 2310 734 2371 ὁ
760 2306 800 2390 μὴ
825 2303 918 2390 ἔχων.

195 2330 267 2475 Τέῳ
289 2389 430 2466 πέποιθε,
451 2391 547 2454 πίστιν
570 2391 650 2460 όστις
671 2393 806 2467 ὤλεσεν;

196 2472 260 2559 Τὴν
282 2475 377 2537 πίστιν
398 2466 510 2543 ὀλέσας
528 2477 558 2537 τί
580 2475 715 2539 ὀλέσειεν
740 2476 775 2539 ἄν
799 2474 924 2558 πρόυω;

187 2555 286 2626 Ὅθεν
306 2558 380 2644 ἦλθ’
405 2559 553 2644 ὁμόφρων
579 2561 685 2633 πίστις,
708 2561 765 2624 οόκ
784 2558 955 2643 ἀνέρχεται.

188 2645 229 2709 Ὡ
252 2648 319 2708 αῖον
343 2643 425 2712 εἶδός
447 2645 511 2706 ἐστι
531 2644 647 2713 ἀλαλος
672 2644 824 2712 σῦστασις.

195 2728 283 2814 Τυχη
306 2729 451 2814 βροτείων
473 2733 566 2812 κῦρος
582 2730 637 2792 οόκ
659 2728 726 2833 ἔργει
747 2728 892 2814 τρόπων.ι

188 2812 307 2899 Ὀλβος
331 2813 425 2896 μέγας
447 2813 605 2897 δούλευμα
626 2837 722 2897 κοριιρ
745 2813 832 2897 μέγα.

195 2897 309 2964 Οόδενὶ
329 2897 406 2982 τύχη
431 2897 552 2960 δύναιτο
575 2903 627 2982 τῆς
649 2900 764 2983 βουλῆς
784 2896 888 2960 πλέον.

192 2982 288 3048 Ποιεῖ
305 2981 483 3065 παραπλῆγ’
506 2983 526 3064 ῆ
551 2983 627 3067 τόχνγ
651 2984 805 3046 θάλπουσ’
828 2980 914 3064 ἄγαν.

185 3064 291 3137 “Ami
314 3066 479 3150 ἐνοχλοῦσ’
502 3066 539 3129 οῦ
559 3091 615 3130 τινι
638 3067 755 3151 στέργει
775 3067 864 3151 τῦχνγ.

196 3151 308 3235 Θέλγει
327 3150 563 3235 τόχησαίνουά
588 3152 659 3215 όταν
681 3153 824 3237 θηρητιᾷ.

193 3233 293 3320 Χάρις
312 3237 443 3297 πολιτῶν
465 3236 540 3319 πρδς
561 3235 598 3298 τό
617 3241 670 3319 τῆς
689 3235 784 3321 τόχης
807 3235 902 3320 ῥέπει.

194 3317 369 3406 Στίλβυυσα
392 3318 544 3403 θραυστόν
569 3321 647 3384 ἐστιν
673 3325 715 3388 ὡς
739 3323 829 3388 ῦελος
849 3319 937 3403 τῦχη.

195 3403 283 3490 Τῦχη
309 3405 416 3466 δίδωσι
434 3408 555 3489 χρῆσιν,
578 3406 614 3468 οό
638 3406 741 3489 κτῆσίν
764 3426 852 3472 τινος.

196 3571 302 3658 Τῦχης
325 3572 477 3659 λαβέσθαι
501 3573 617 3656 μᾶλλόν
639 3575 730 3650 ἐστιν,
752 3574 772 3657 ῆ
794 3574 925 3654 κρατεῖν.

194 3657 379 3741 Νόυφισμός
399 3658 526 3735 ἐστιν,δ
552 3659 608 3722 οόκ
631 3658 666 3723 ἄν
688 3656 847 3739 ἀποδοίῆς,
861 3655 977 3739 λαβεῖν.

196 3741 331 3827 Παῦρων
353 3743 478 3807 κολούει
501 3747 589 3826 μῖσος
610 3744 637 3826 ῆ
655 3741 753 3825 ποκνῆ
774 3739 852 3825 δίκη.

865 3854 903 3915 16
