2884 4650
582 544 732 637 Α

199 710 266 766 Iam
288 707 422 780 laudum,
444 717 476 766 et
496 727 597 768 rerum
614 711 725 770 melior
747 720 777 770 te
797 711 928 787 postulat
947 713 1031 773 ordo.

201 793 254 855 Sic
276 813 348 870 ego:
371 794 416 852 sin
435 793 516 851 Diva
536 796 598 854 boc⁴
617 815 757 855 sermone
779 796 900 854 silentia
920 799 1007 874 rupit.

242 878 402 954 Principio
420 877 540 936 Natura
554 899 680 955 parens,
698 900 789 957 quum
807 881 900 938 vellet
918 882 950 939 in
968 903 1029 941 una

200 961 354 1040 (longerie
379 963 518 1022 decorum
541 967 720 1024 commercia
741 965 835 1023 multa
857 967 948 1039 coire,

199 1052 302 1125 Atque
322 1049 474 1106 hominem
496 1051 669 1126 exemplum
693 1050 784 1109 seclis
799 1045 926 1128 'insigne
945 1052 1054 1113 futuris

198 1133 392 1205 Parturiens,
411 1133 495 1192 cuius
517 1135 713 1211 subpeotore
734 1134 875 1193 conderet
897 1135 961 1209 illa,

200 1219 293 1278 Hune
315 1217 438 1277 humilis
460 1218 519 1276 vici
541 1221 640 1278 caecis
664 1219 768 1296 vagire
787 1219 924 1294 latebris,

201 1307 263 1363 Aut
279 1304 422 1380 ignorata
439 1303 545 1362 nutriri
566 1304 664 1363 noluit
684 1307 769 1378 urbe,

203 1387 264 1448 Sed
284 1389 372 1465 regni
393 1388 525 1462 domina,
548 1390 629 1464 quod
649 1390 750 1466 regnis
773 1389 910 1448 omnibus
933 1389 1027 1462 orbis,

204 1474 355 1533 Omnibus
376 1473 514 1548 Europae
535 1475 694 1551 praecellit
716 1483 748 1532 ut
769 1474 893 1531 urbibus
913 1473 980 1532 illae

202 1558 245 1618 Ut
266 1577 426 1618 commune
444 1558 546 1631 decus,
568 1560 729 1634 sociaeque
752 1559 885 1636 insignia
907 1558 1005 1618 laudis

203 1642 281 1701 Tam
301 1643 385 1700 locus
406 1662 427 1700 a
445 1651 517 1701 nato
537 1654 667 1720 caperet,
691 1663 781 1719 quam
803 1651 891 1702 natus
913 1645 951 1702 ab
971 1643 1036 1704 illo.

203 1728 374 1805 Regnatrix
393 1728 494 1786 clarae
514 1730 662 1804 generosa
682 1729 804 1787 Lutetia
820 1737 929 1801 terrae,

205 1814 282 1888 Quis
305 1831 476 1871 memorare
498 1822 565 1872 tuas
586 1822 634 1873 sat
657 1814 748 1890 digno
769 1815 902 1871 carmine
925 1812 1009 1872 dotes

203 1901 266 1958 Aut
285 1889 393 1956 laudes
416 1917 547 1974 aequare
565 1906 665 1973 queat,
687 1917 764 1973 quac
787 1897 888 1955 debita
904 1898 1000 1956 Musis

205 1983 263 2042 Tot
283 1983 377 2059 pleno
400 1983 491 2041 toties
507 1983 612 2043 fudisti
632 1983 758 2060 pignora
779 1981 882 2039 foetu?

205 2068 253 2126 Tu
276 2086 417 2145 generas,
440 2068 492 2144 qni
515 2068 582 2126 iura
603 2076 722 2144 regunt,
746 2067 797 2141 qui
815 2066 933 2144 legibus
955 2065 1046 2124 urbas

204 2155 245 2212 Et
268 2153 383 2212 sanctis
406 2153 481 2210 recti
503 2152 632 2228 populos
653 2153 851 2210 moderantur
870 2149 1007 2208 habenis.

204 2237 274 2298 Non
300 2237 363 2296 alia
382 2238 467 2296 nasci
481 2230 642 2298 „Puteanus
665 2238 768 2295 debuit
789 2238 874 2310 urbe,

204 2331 266 2383 Aut
279 2323 387 2400 potuit,
412 2342 502 2399 qnam
525 2343 602 2400 quae
622 2322 755 2399 propriis
779 2322 937 2380 virtutibus
959 2319 1045 2377 illum

204 2408 381 2481 Excoleret,
404 2408 592 2483 similemque
616 2409 680 2466 suis
701 2408 848 2465 formaret
868 2406 1008 2464 alumnis.

204 2494 349 2552 Protinus
373 2493 494 2553 altrices
514 2494 654 2568 linquens
675 2493 805 2549 infantia
827 2509 921 2549 cunas

205 2579 355 2638 Imbuitur
376 2577 494 2651 studiis,
519 2586 549 2636 et
571 2578 668 2654 primo
692 2578 774 2647 flore,
797 2577 934 2634 Minerva

204 2664 376 2735 Eductrice‚
399 2664 490 2721 rudes
512 2664 665 2740 poliuntur
686 2661 815 2719 cultibus
837 2661 917 2718 anni.

205 2749 371 2826 Excipiunt
387 2768 512 2823 puerum
534 2748 656 2826 gremiis
675 2746 852 2805 florentibus
881 2748 980 2804 Artes.

205 2838 286 2895 Ante
306 2852 411 2892 omnes
433 2834 530 2891 teneri
551 2834 743 2891 moderamen
766 2830 893 2907 suscipit
914 2830 991 2902 aevi,
1060 2875 1061 2878 η

207 2919 292 2993 Quae
316 2919 414 2991 docet,
435 2926 468 2975 ut
486 2919 585 2995 primo
605 2919 753 2976 formetur
775 2916 863 2973 litera
885 2916 984 2987 ductu,

206 3003 248 3064 Ut
269 3004 432 3062 commissa
453 3004 516 3063 suis
539 3012 675 3061 nectatur
694 3001 813 3077 syllaba
835 3001 934 3061 nodis:

207 3092 306 3164 Atque
329 3108 385 3165 per
404 3087 548 3147 articulos
570 3088 771 3161 distinctaque
792 3088 926 3144 membra
946 3080 1066 3159 legendi

207 3173 346 3232 Daedala
363 3183 540 3249 perpetuam
560 3181 646 3231 texat
666 3180 817 3231 structura
835 3170 998 3245 loquelam:

207 3259 309 3334 thue
328 3258 392 3317 suis
413 3258 542 3334 pedibus
564 3258 733 3335 gradientia
754 3256 887 3313 carmina
909 3258 1041 3328 surgant.

208 3343 288 3401 Huic
311 3363 402 3403 soror
421 3361 573 3401 exacuens
596 3342 703 3401 studiis
729 3341 850 3400 solertia
874 3336 977 3406 corda,

208 3429 247 3487 Et
269 3430 376 3488 stricto
396 3428 511 3487 vultum
533 3446 716 3504 componens
738 3425 873 3504 pondere
892 3421 992 3480 vultus

209 3512 350 3574 Succedit
370 3512 490 3587 Critiae,
513 3514 600 3589 pueri
622 3531 699 3587 quae
725 3509 867 3570 sensibus
888 3524 978 3565 omne

208 3597 378 3675 Cecropiae
398 3607 429 3656 et
446 3600 555 3657 Latiae
576 3605 692 3656 reserat
712 3592 870 3672 penetrale
891 3597 1043 3662 senectae,

209 3683 362 3760 Quicquid
382 3685 463 3759 apud
485 3702 640 3755 numeros,
662 3678 797 3739 numeris
817 3684 871 3734 aut
889 3696 958 3737 orsa
977 3675 1078 3736 soluta

208 3768 352 3828 Venturis
375 3768 467 3829 seclis
490 3768 738 3831 commendavere
757 3761 876 3840 papyri.

896 3861 915 3920 6
