2884 4650
687 561 837 662 ..Q-

308 732 425 797 Semita
444 750 555 812 pressa
575 732 665 809 capit,
686 731 888 810 populumque
908 734 940 792 in
962 742 1036 792 nota
1053 743 1200 794 ruentem.
1223 729 1226 735 ’

306 819 442 879 Ambitio
461 819 543 891 iecit,
566 821 615 878 rel
637 833 728 894 opum
748 819 862 877 vitiosa
885 819 1007 894 cupido,

306 903 357 963 Ne
376 905 500 980 possint
519 903 602 963 ullae
622 904 689 961 eine
711 903 793 962 ballo
817 904 917 960 vivere
939 912 1056 981 gentes,

306 987 374 1048 Nec
392 989 458 1048 sine
481 989 600 1061 militia,
619 1000 698 1063 quae
718 985 793 1047 belli
814 989 961 1064 praecipit
980 1005 1079 1048 usum.

306 1073 366 1132 Illa
388 1074 552 1134 salutarem
571 1073 752 1132 mortalibus
773 1073 891 1130 extudit
912 1081 1018 1145 amem,

308 1160 395 1235 Quae
417 1159 517 1231 docet,
538 1158 651 1216 indicto
673 1165 707 1217 ut
728 1175 785 1235 per
804 1158 852 1218 ias
875 1165 906 1216 et
924 1158 991 1216 iura
1013 1153 1115 1217 duello

305 1244 371 1303 Res
392 1244 498 1320 populi
518 1251 667 1318 repetant,
686 1250 779 1319 atque
801 1243 893 1302 armis
917 1261 1001 1301 arma
1021 1240 1182 1320 repellant,

307 1327 401 1388 Cuius
424 1336 464 1401 et,
484 1328 516 1386 in
537 1327 641 1404 paucis
660 1347 700 1387 ne
717 1328 870 1386 mentibus
894 1327 948 1385 illa
968 1329 1086 1401 lateret,

305 1414 342 1472 In
365 1427 523 1472 commune
543 1415 657 1472 bonum
676 1413 764 1472 multi
785 1421 947 1489 praecepta
966 1413 1085 1471 dedere.

305 1498 430 1574 Lipsius
454 1507 525 1556 ants
546 1511 666 1558 omnes:
684 1498 812 1556 memori·
834 1515 912 1576 qnae
934 1506 1057 1574 pectore
1081 1504 1194 1571 servet,

307 1582 438 1658 Quando
460 1583 540 1641 riam
562 1584 659 1661 carpit
675 1583 832 1642 Romanus
853 1581 885 1640 in
909 1584 1028 1661 agmine
1049 1583 1149 1656 miles,

305 1671 468 1727 Armorum
489 1677 521 1726 et
540 1669 629 1746 rigidi
652 1669 708 1728 sub
727 1669 829 1743 iniquo
851 1669 982 1743 pondere
1000 1667 1085 1728 valli.

305 1757 378 1825 Aut,
400 1771 439 1810 ne
461 1754 547 1831 pigra
569 1755 633 1812 suis
654 1755 709 1812 sub
730 1753 862 1830 pellibus
884 1753 946 1812 otia
965 1753 1066 1826 ducat,

306 1837 436 1913 Quando
458 1839 517 1897 ciet
535 1839 623 1898 iestis
646 1839 718 1896 belli
741 1837 903 1898 simulacra
921 1839 1041 1898 diebus:

307 1923 395 1998 Quae
415 1922 487 1981 loca
508 1922 548 1981 sit
568 1924 677 1982 melius
697 1923 860 2000 praeducta
881 1923 1021 1981 claudere
1046 1926 1144 1997 fossa,

305 2007 349 2068 Ut
367 2007 448 2066 vallo
469 2009 548 2066 iacto
570 2009 631 2066 dux
650 2024 761 2086 aggere
782 2016 882 2066 castra
902 2016 1031 2082 coronet,

306 2093 394 2168 Quas
416 2093 539 2168 quadris
562 2094 684 2168 plateis,
703 2102 735 2151 et
757 2100 839 2152 secto
861 2093 938 2151 calle
960 2093 1077 2152 viarum

304 2179 460 2237 Adversas
480 2186 619 2254 spectent
640 2179 756 2238 directo
777 2177 873 2235 limite
894 2186 1007 2254 portas.

304 2263 345 2322 Et
358 2263 552 2339 responsuris
566 2263 646 2321 inter
665 2279 699 2322 se
719 2279 776 2341 per
797 2263 868 2322 loca
889 2272 971 2321 certa

304 2348 451 2408 Excubiis
472 2356 598 2426 peragat
615 2350 725 2427 vigiles
744 2349 882 2407 custodia
901 2358 1013 2407 noctes.

305 2432 391 2507 Quod
411 2433 438 2493 si
457 2433 534 2491 forte
555 2435 638 2492 iurat
658 2441 796 2511 porrecta
815 2452 870 2511 per
891 2451 1025 2509 aequora
1044 2437 1144 2513 campi

304 2518 497 2594 Explicuisse
516 2521 615 2593 acies,
635 2521 817 2597 hostemque
838 2520 990 2579 lacessere
1012 2538 1125 2597 pugna,

303 2601 364 2660 Pro
384 2604 476 2662 rebus
500 2622 621 2663 serrare
639 2606 774 2664 modum:
805 2622 862 2681 quo
882 2598 1007 2662 tendere
1029 2613 1126 2665 tractu

305 2686 438 2770 Cornua,
458 2706 518 2761 quo
540 2690 645 2748 deceat
666 2703 777 2751 cuneos
800 2690 1008 2766 constringere
1027 2708 1110 2767 gyro.

305 2770 361 2833 Sin
382 2771 484 2829 audax
502 2773 570 2832 iidit
591 2776 726 2834 robustis
749 2775 906 2833 moenibus
926 2774 1035 2847 hostis,

304 2856 499 2915 Tormentnm
520 2859 635 2917 murale
657 2876 766 2937 graves
785 2860 909 2919 ballista
928 2860 1063 2921 ‘molares

302 2940 452 3002 Fulminis
469 2942 502 2999 in
524 2962 640 3001 morem
662 2952 801 3003 contento
821 2946 940 3003 turbine
960 2945 1072 3005 mittatr
1134 2950 1137 2963 '

303 3033 365 3087 Aut
386 3042 536 3086 concussa
557 3045 613 3087 suo
635 3028 798 3087 labefactet
819 3030 941 3089 moenia
959 3030 1049 3106 pulsu

303 3110 394 3185 Quod
411 3111 536 3171 Poenus
559 3111 666 3172 (letrae
687 3114 806 3189 Byrsae
825 3115 951 3174 bellacis
972 3116 1112 3176 alumnus
1166 3117 1169 3122 '

302 3197 489 3256 Librandnm
513 3196 653 3255 oscillum
674 3198 756 3257 malo
779 3200 938 3276 suspendit
959 3202 997 3259 ab
1017 3202 1091 3275 alto,

302 3281 417 3343 Ictibus
438 3290 472 3340 nt
493 3283 607 3342 crebris
628 3283 706 3341 muri
727 3300 870 3362 compage
892 3286 991 3344 soluta

302 3364 437 3425 Pronam
460 3382 538 3427 saxs
559 3368 682 3426 trabant
703 3370 817 3428 sensim
841 3370 987 3429 subducta
1005 3371 1135 3432 ruinam.

302 3452 365 3509 Aut
385 3454 483 3512 caecis
506 3451 664 3513 scrobibus
683 3454 808 3513 molitus
829 3456 948 3513 moenia
968 3454 1068 3529 miles,

302 3534 401 3594 Vinea
420 3552 512 3613 quem
533 3539 646 3616 pluteis
667 3546 799 3596 ‹et-tecta
820 3539 920 3599 fronte
940 3548 1050 3614 tuetur,

302 3619 442 3679 Effossae
462 3631 625 3699 postquam
645 3622 764 3683 telluris
788 3632 895 3701 operta
917 3626 1040 3698 subivit,

302 3701 475 3782 Improrlsa
492 3707 594 3767 ferens
617 3708 746 3788 vestigia
765 3710 853 3785 ponit
873 3711 905 3768 in
927 3712 1010 3769 urbe.

303 3790 520 3869 Tardigradam
540 3793 646 3853 iussae
666 3796 748 3853 lento
770 3794 927 3854 molimine
952 3795 1057 3853 turrim
1175 3804 1179 3811 '
