2884 4650
1279 510 1405 570 249

443 697 544 758 μς.
566 670 797 758 Μοόνιρ
824 672 1018 758 ἄθυρε
1060 672 1286 759 τρόχῳ.
1312 672 1584 759 Κυβείαν
1624 678 1824 737 πᾶσαν
1850 675 2099 738 ἀλεόου.
2153 680 2251 760 μζ.

381 806 390 813 .
443 755 751 841 μη.Ἰσχόϊ
780 757 969 840 μηδὲν
998 757 1290 841 ἐπίτρεπ’.
1336 756 1681 824 Ἐλάσσονα
1707 760 1787 841 μὴ
1818 759 2085 843 ἀθέριζε.
2148 762 2251 844 μθ.

437 863 490 905 ν.
551 841 924 927 Ἀλλοτρίων
962 843 1238 905 κτεάνων·
1259 846 1340 928 μή
1366 867 1435 907 σε
1466 843 1693 928 φρένας
1713 842 1924 925 ἵμερος
1950 842 2143 908 ἔλθοι.

438 949 534 990 να.
553 923 676 1009 Τὴν
717 926 984 1009 γαμετὴν
1025 928 1132 1008 σὴν
1168 928 1608 1012 ἀμφαγάπαζε.
1654 925 1747 1031 T}
1781 926 1961 990 τέκνα
1997 930 2076 991 δι·
2160 931 2255 1015 νβ.

438 1066 652 1177 νγ.“ον
679 1093 830 1157 θέσο
854 1095 1108 1179 θεσμὸν,
1126 1094 1351 1177 ἔνεγκε.
1399 1098 1593 1159 Λάλει
1618 1012 1964 1179 πδαορέικδῑάιτὶ
1983 1098 2121 1182 βρά-
2164 1098 2254 1160 νδ.

1533 1242 1543 1260 ,
1649 1203 1845 1264 χιστα.

438 1286 526 1325 νε.
550 1259 736 1325 Ταῦθ’
756 1262 975 1347 ἔρδειν,
993 1262 1025 1325 ὃ
1044 1263 1273 1327 δίκαιον
1291 1263 1429 1349 ἔφυ.
1449 1262 1567 1328 Τὸν
1590 1262 1795 1348 ἔρωτα
1810 1264 2021 1348 φέρειν
2036 1218 2126 1327 εὖ.
2165 1288 2253 1335 νς.

974 1428 1313 1496 ΒΙΒΛΙΟΝ
1352 1427 1709 1496 ΠΡΩΤΟΝ.

438 1516 518 1580 Α.
610 1512 686 1578 Εἰ
732 1513 889 1584 Θεός
931 1515 1058 1577 ἐστι
1101 1521 1263 1596 νοῦς,
1311 1519 1395 1584 ὡς
1439 1516 1724 1601 θέσφατα
1767 1520 1917 1604 φησὶ
1953 1520 2257 1594 παλαιῶν,

608 1596 835 1674 Καὶ,σὺ
868 1599 1021 1682 μάλ’
1053 1600 1356 1669 ἐνδυκέως
1381 1601 1643 1686 καθαρῷ
1669 1604 1783 1683 νοΐ,
1832 1602 2008 1666 τόνδε
2033 1602 2255 1688 σέβιζε.

438 1684 515 1749 Β.
585 1682 698 1747 ’Τὸ
733 1681 921 1746 πλέον
948 1685 1255 1767 ἀγρύπνει,
1290 1686 1370 1768 μὴ
1392 1685 1673 1768 ἀμέτρως
1700 1688 1759 1750 δ’
1792 1687 1916 1750 ἰ’σθι
1941 1688 2255 1770 φίλυπνος.

605 1767 686 1831 ‘H
713 1769 911 1854 μακρή
939 1772 999 1850 γ’
1029 1769 1357 1831 ἀνάπαυλα
1385 1771 1619 1854 τροφὴν
1652 1772 1953 1834 παθέεσσι
1978 1776 2255 1856 χοηργεῖ.

439 1854 508 1918 Γ.
604 1851 861 1939 Πρώτην
907 1860 1026 1915 τῶν
1069 1854 1301 1933 ἀρετῶν
1336 1855 1492 1937 ἡγοῦ
1516 1854 1622 1936 τὴν
1654 1859 1937 1935 γλῶσσαν
1963 1855 2255 1939 ἐπισχεῖν.

596 1937 780 2022 ’Άγχι
821 1937 973 2001 θεοῦ
1020 1936 1134 2022 γὰρ
1186 1938 1438 2014 ἐκεῖνος,
1489 1938 1556 2006 ὃς
1600 1937 1763 2002 οἶδεν
1809 1940 2015 2023 καίρια
2069 1943 2257 2023 σιγᾷν.

439 2022 510 2086 Δ.’
591 2020 894 2104 Ῥήμασιν
943 2020 1281 2103 ἀντιλόγοις
1322 2023 1405 2105 μὴ
1452 2022 1720 2093 ἐναντίος
1766 2022 1892 2085 ἴσθι
1936 2028 2195 2108 σεαυτῷ.

612 2104 832 2170 Οὐδενὶ
881 2107 1300 2191 συμφωνήσει,
1341 2107 1408 2174 ὃς
1450 2105 1521 2168 οὐ
1567 2113 1891 2193 συμφωνεῖ
1935 2109 2158 2192 ἑαυτῷ.

437 2190 511 2256 Ε.
595 2189 709 2253 ’Ήν
736 2191 864 2253 ποτ’
896 2190 959 2259 ἐς
983 2190 1325 2272 ἀνθρώπων
1352 2192 1568 2274 ἐπίδῃς
1591 2192 1922 2276 βίον’,ἥθεα
1945 2192 1997 2254 τ’
2026 2192 2259 2253 αὐτῶν·

611 2272 745 2359 Κῇν
773 2275 948 2339 αὐτοὶ
970 2275 1259 2361 μωμῶντ’
1293 2275 1543 2353 ἄλλους,
1567 2282 1684 2340 τῶν
1713 2276 1773 2341 δ’
1802 2277 1964 2346 οὔτις
1981 2276 2258 2361 ἄμωμος.

440 2386 493 2432 ς.
601 2357 728 2444 Κτη
738 2362 1000 2444 σάμενος
1012 2359 1311 2447 βλαβερόν
1327 2386 1399 2438 τι,
1413 2362 1515 2424 καὶ
1528 2363 1583 2424 εἰ
1596 2363 1772 2446 φίλον
1788 2364 2261 2447 ἐστὶ,παραιτοῦ.

599 2442 773 2508 Ἔσθ’
790 2445 881 2508 ὅτι
897 2446 1295 2509 δεῖ-πλούτοιο
1309 2446 1383 2508 τὰ
1398 2447 1686 2529 σύμφορα
1702 2448 1969 2530 πρόσθεν
1992 2446 2262 2510 ἑλέσθαι.

439 2531 508 2596 Ζ.
594 2527 706 2599 ζΩς
733 2529 916 2612 λόγος
944 2532 1210 2614 αἱρῇται,
1255 2532 1477 2613 σεμνὸς
1509 2535 1714 2613 γενοῦ,
1747 2533 1863 2616 ἠδὲ
1888 2531 2217 2615 προσηνής.

600 2611 704 2677 Ἐν
744 2637 882 2697 καιρ
914 2620 942 2632 ”
983 2617 1177 2698 σοφὸς
1200 2614 1356 2698 ἦθος
1397 2615 1783 2697 ἀνεγκλήτως
1828 2616 2219 2699 μεταβάλλει.

439 2699 517 2764 Η.
604 2697 887 2783 Μεμφομ
927 2723 999 2782 νῃ
1051 2699 1314 2766 δούλους
1359 2700 1441 2782 μὴ
1494 2698 1646 2781 ἄγαν
1689 2700 1932 2763 πίστευε
1980 2701 2262 2784 δάμαρτι.

608 2781 916 2850 Πολλάκις
959 2786 998 2865 ἡ
1051 2784 1438 2866 σύλλεκτρος,
1487 2784 1553 2846 ὃν
1599 2784 1751 2868 ἀνὴρ
1800 2786 2043 2869 φίλατο,
2076 2788 2259 2867 μισεῖ.

441 2868 512 2932 Θ.
594 2866 706 2931 ’Ήν
740 2891 872 2931 τινα
901 2867 1253 2951 νουθετέῃς,
1300 2870 1331 2931 ὁ
1370 2867 1431 2930 δ’
1464 2868 1782 2952 ἐφετμέων
1813 2871 1925 2933 οὐκ
1959 2869 2261 2951 ἐπακοόῃ,

607 2950 683 3016 Εἰ
724 2954 892 3035 μάλα
937 2975 1033 3035 μιν
1073 2953 1293 3036 κραδίῃ
1342 2953 1595 3037 φιλέεις,
1642 2955 1723 3038 μὴ
1766 2958 1915 3036 λῆγε
1961 2957 2261 3038 μενοινῆς.

439 3036 488 3101 Ι.
608 3035 713 3120 Μὴ
760 3037 1034 3121 συνέριζε
1079 3035 1244 3121 λόγῳ
1288 3042 1414 3106 τοῖς
1463 3038 1747 3123 ἀνδράσιν
1809 3037 2260 3122 ἀκριτομῦθοις.

610 3121 769 3185 Πᾶσι
813 3120 995 3203 λόγος
1039 3120 1318 3198 δέδοται,
1352 3123 1538 3207 σοφίη
1579 3124 1648 3185 δὲ
1685 3128 1922 3208 φρενῶν
1955 3123 2229 3204 ὀλίγοισι.

440 3204 542 3270 ΙΑ.
589 3204 708 3275 “Ως
761 3207 989 3274 ἄλλους
1025 3204 1279 3289 φιλέειν,
1321 3209 1405 3275 ὣς
1441 3208 1545 3270 καὶ
1590 3208 1767 3291 φίλος
1810 3207 1965 3270 εἶναι
2006 3207 2233 3288 ἑαυτῷ.

597 3289 716 3359 εὨς
755 3294 1045 3376 χρηστοῖς
1091 3288 1197 3353 ἔσο
1237 3293 1539 3376 χρηστὸς,
1603 3292 1772 3438 ὅτὲως
1810 3293 2040 3377 βλάβος
2081 3288 2261 3350 οὐδὲν

1691 3401 1839 3438 πισπ
1890 3397 1936 3442 ς.

440 3456 543 3522 ΙΒ.
609 3459 816 3540 Φεῦγε
845 3458 1023 3528 νέους
1039 3458 1363 3544 θρόλλους,
1382 3462 1464 3544 μὴ
1483 3400 1955 3543 καινοτόμοςγετὶς
1970 3455 2258 3539 ἀκῡὺσῃς.

611 3539 855 3607 Οὐδένα
895 3545 952 3626 γ’
990 3543 1029 3626 ἡ
1061 3546 1218 3628 σιγὴ,
1248 3547 1315 3609 τὸ
1349 3548 1621 3627 λαλῆσαι
1665 3545 1721 3606 δ’
1748 3542 1949 3627 ἤκαχε
1972 3543 2262 3607 manvja

440 3625 538 3692 ΙΓ.
603 3623 846 3691 Ἐλπίδ’
890 3630 1266 3712 ἀπαγγελίης
1311 3630 1391 3712 μὴ
1442 3628 1690 3709 ἑτοίμην
1737 3627 1953 3690 αὐτίκα
1998 3627 2174 3707 ἡγοῦ.

597 3710 683 3774 ‘H
720 3713 914 3781 πίστις
957 3713 1174 3796 σπανίη
1214 3713 1300 3795 γ’,
1347 3713 1439 3775 ὅτι
1472 3712 1696 3774 πολλοὶ
1722 3711 1926 3775 πολλὰ
1954 3715 2234 3775 λαλοῦσι.
