2884 4650
609 565 613 574 ⁴
691 534 833 628 „12-0„

310 699 410 783 Γρῆύς
432 699 664 784 ἀνακροτέουσα
685 699 782 762 πολύν
804 701 960 782 κονιορτὸν
986 698 1107 781 ἐγείρει.

309 783 432 866 Δελφὸς
453 785 529 868 ἀνὴρ
553 784 702 868 στέφανον
717 785 771 868 μὲν
787 781 880 868 ἔχων,
897 784 970 866 δίψῃ
991 781 1022 845 δ’
1036 783 1228 854 ἀπολωλώς.

310 868 415 936 Δεξιδν
438 869 481 937 είς
502 867 659 951 ὑπόδημα,
680 870 838 952 ἀριστερὸν
861 869 904 934 είς
923 865 1137 950 ποδόνιπτρον.

309 951 411 1036 Δηρδν
434 954 605 1037 βουλεύειν,
628 952 669 1014 ἵν’
695 951 754 1038 ἔχῃ
775 953 826 1016 καὶ
847 953 962 1015 πολλδν
986 950 1123 1032 ἄμεινον.

309 1035 457 1108 Δίζεσθαι
480 1038 596 1122 βιοτὴν,
614 1038 725 1121 ἀρετὴν
748 1037 779 1100 δ’
805 1037 876 1100 ὅταν
899 1034 920 1120 ῃ
948 1036 1012 1118 βίος
1034 1033 1133 1100 ἔνδον.

309 1122 412 1183 Δισσδι
434 1126 537 1184 πτῶκε
563 1122 683 1185 διώκων
708 1121 870 1206 οὐδέτερον
894 1121 1091 1204 καταλήψεις.

309 1206 392 1289 Δίψη
414 1204 446 1268 δ’
469 1205 651 1284 ἐξώλλυντο,
675 1207 759 1290 ύδωρ
784 1205 809 1268 δ’
834 1207 979 1289 ὑπερεῖχε
998 1205 1128 1286 γενείου.

309 1289 380 1365 Δὸς,
397 1289 535 1358 δύτεπᾶς
551 1292 567 1352 ὁ
583 1292 656 1374 βίος.
672 1291 750 1375 λαβὲ
764 1290 861 1353 δὀὐκ
879 1290 928 1352 ἐπὶ
940 1291 1044 1351 ναυσὶν
1061 1289 1226 1360 ἀκούσαις.

308 1375 369 1441 Δὸς
393 1379 511 1459 πτωχῷ
531 1374 633 1457 ἄρτον,
653 1377 705 1438 καὶ
727 1373 875 1437 κάνδυλον
901 1373 977 1458 ύψον
1002 1373 1053 1436 ἐπ’
1080 1374 1177 1460 αύτῷ.

309 1459 404 1541 Δῶρα
425 1458 518 1527 θεοὺς
538 1459 639 1521 πείθει
659 1461 711 1522 καὶ
734 1459 871 1525 αἰδοίους
914 1461 1053 1540 ασιλῆας.

307 1540 364 1606 Ἐκ
383 1543 476 1604 πίθου
498 1545 617 1612 ἀντλείς
637 1546 741 1627 δῆλον.
764 1543 824 1626 ἐγὼ
840 1545 870 1606 δ’
889 1567 953 1627 εχω
968 1542 1028 1626 οὐχ
1043 1542 1110 1610 ἄλις
1123 1541 1225 1612 ύξευς.

306 1624 360 1690 Ἐν
382 1627 440 1711 γὰρ
462 1627 621 1712 ἀμηχανίῃ
641 1630 692 1691 καὶ
712 1626 864 1710 Καρκίνος
886 1626 1003 1710 ἔμμορε
1023 1631 1121 1710 τιμῆς.

304 1708 358 1774 Ἐν
381 1713 416 1774 δὲ
436 1712 613 1796 δικαιοσύνῃ
637 1714 810 1799 συλλήβδην
828 1712 901 1775 πάσ’
926 1711 1018 1794 ἀρετή
1040 1709 1125 1772 ’στίν.

304 1792 356 1858 Ἐν
381 1797 416 1859 δὲ
437 1797 617 1880 διχοστασίῃ
641 1799 691 1860 καὶ
712 1799 870 1879 πάγκακος
893 1793 1011 1879 ἔμμορε
1030 1799 1127 1878 τιμῆς.

304 1877 356 1944 Ἐν
380 1882 415 1943 δὲ
439 1881 650 1964 διχοστασίῃσι
671 1883 722 1944 καὶ
737 1881 944 1965 Ἀνδροκλέης
965 1882 1170 1986 πολεμαρχεῖ.

306 1961 358 2027 Ἐν
382 1965 417 2028 δὲ
439 1966 537 2034 λίθοις
559 1967 724 2051 ἐμάχοντο,
747 1965 832 2028 λίθον
857 1964 887 2028 δ’
910 1966 967 2028 οὐκ
986 1963 1023 2047 ἦν
1042 1963 1225 2028 ἀνελέσθαι.

302 2046 356 2112 Ἐν
381 2049 541 2113 σκυτέεσσι
566 2052 697 2134 φοροῦσ’
724 2048 874 2134 Ἐφεσήια
895 2051 1059 2133 γράμματα
1080 2049 1173 2111 καλά.

305 2132 478 2205 Ἐνστάζειν
503 2134 577 2220 ἐρίῳ
593 2140 648 2199 τοῦ
672 2140 728 2218 ζῃν
748 2135 830 2218 ἕνεχ’
854 2137 957 2217 ὥσπερ
978 2132 1120 2218 ἄλευρον.

302 2216 449 2302 Ἐξάντης
473 2219 594 2282 λεύσσω
615 2219 729 2302 τούμὸν
754 2221 847 2282 κακὸν
873 2218 967 2282 ἄλλον
990 2217 1111 2302 ἔχοντα.

303 2300 470 2374 Ἐξύκειλε
492 2309 590 2368 κακοῦ
618 2305 715 2390 βουλὴ
739 2305 815 2388 πρὸς
838 2303 1005 2387 ὑπέρτατον
1027 2301 1111 2387 ἄτην.

301 2385 400 2473 Ἔργα
416 2388 506 2469 νέων,
531 2391 641 2474 βουλαὶ
662 2392 696 2453 δὲ
720 2388 834 2472 μέσων,
857 2389 947 2473 εύχαὶ
969 2390 1004 2451 δὲ
1023 2387 1188 2470 γερόντων.

306 2470 439 2541 Ἐσθλδς
458 2475 517 2536 ἐὼν
543 2472 640 2537 ἄλλου
662 2475 742 2537 πολὺ
766 2475 939 2559 κρείττονος
960 2472 1175 2556 ἀντεκύρησεν.

307 2553 474 2641 Εὐδαίμων
502 2556 700 2642 ύΚύρινθος.
726 2560 786 2642 ἐγὼ
814 2554 843 2621 δ’
872 2556 935 2640 ε’ίην
960 2556 1121 2641 Τενεάτης.

307 2640 474 2725 Εὐδαίμων
497 2644 668 2727 ὥνθρωπος
693 2646 709 2708 ύ
734 2642 840 2728 μηδενὶ
862 2643 956 2726 μηδὲν
981 2644 1125 2727 ὀφειλων.

307 2724 473 2811 Εὐσεβέων
495 2729 639 2798 παίδεσσι
658 2730 696 2791 τὰ
713 2732 804 2805 λώίἀ,
829 2726 1003 2811 δυσσεβέων
1026 2727 1056 2789 δ’
1079 2726 1126 2788 ού.

301 2809 345 2875 Ἣ
369 2812 404 2873 δὲ
425 2813 502 2894 κακὴ
528 2814 624 2896 βουλὴ
652 2819 696 2898 τῷ
720 2812 919 2898 βουλεύσαντι
940 2812 1077 2893 κακίστη.
1146 2879 1149 2883 ,

299 2893 344 2959 Ἢ
364 2896 405 2978 μὴ
429 2900 523 2978 φῦναι
541 2895 673 2979 ἄριστον,
695 2898 715 2979 ῗγ
742 2898 849 2961 αὐτίκα
872 2896 969 2981 φύντα
988 2898 1143 2979 τελευτᾷν.

297 2978 403 3063 Ἦμος
422 2980 505 3062 ὕδωρ
524 2982 648 3064 πνίγῃσι
668 2982 819 3065 φάρυγγα,
840 2982 869 3044 τί
888 2983 937 3044 δεῖ
954 2978 998 3043 ἔτι
1019 2982 1132 3056 πίνειν;

309 3064 430 3149 Θρέψαι
450 3066 511 3132 τὼς
536 3067 678 3139 λυκιδεῖς.
701 3065 816 3151 θρέψαι
838 3066 939 3141 κύνας,
970 3067 1050 3127 ὥστε
1070 3066 1222 3149 ράγωντι.

302 3149 380 3214 Ἵσθι
403 3148 583 3213 Ποσειδάων
608 3149 702 3233 ύρθάν
724 3150 777 3213 τάν
804 3156 876 3213 ναῦν
901 3150 1092 3213 καταδύσων.

299 3232 485 3317 Ἱπποσύνην
509 3235 652 3296 δεδαῶτά
674 3230 707 3296 σε
735 3235 775 3318 μὴ
798 3235 986 3318 θέμιςέστὶν
1011 3234 1133 3309 ἀείδειν.

299 3312 400 3403 Ἵππῳ
421 3320 604 3404 γηράσκοντι
622 3319 659 3381 τά
684 3319 792 3402 μείονα
818 3319 908 3382 κύκλ’
933 3319 1089 3404 ἐπίβαλλε.

300 3400 456 3489 Ἱστοβοῆϊ
477 3404 596 3488 γέροντι
616 3403 687 3485 νέην
708 3404 875 3489 ποτίβαλλε
897 3406 1046 3488 κορώνην.

306 3482 372 3549 Καί
390 3510 425 3550 κε
446 3491 521 3572 γυνὴ
546 3488 637 3574 φέροι
660 3488 768 3574 ἄχθος,
794 3490 863 3551 ἐπεί
882 3510 933 3552 κεν
958 3488 1034 3571 ἀνὴρ
1058 3488 1200 3573 ἀναθείη.

306 3566 368 3633 Καὶ
390 3575 540 3655 σφακελοὶ
560 3579 699 3638 ποιοῦσιν
719 3574 899 3657 Ἀθηναίοις
922 3572 1072 3636 ἀτέλειαν.

306 3651 524 3733 Καππάδοκες,
545 3656 657 3744 Κᾶρες,
679 3656 812 3731 Κιλικες,
842 3659 909 3743 τρία
930 3658 1035 3721 κάππα
1056 3658 1195 3721 κάκιστα.

306 3736 431 3809 Κάλλας
450 3739 624 3807 ἐπιστολίου
647 3744 727 3808 πολύ
750 3741 1007 3827 συστατικώτερύν
1030 3742 1101 3805 ἐστι.
