2884 4650
759 541 818 602 108

328 712 486 772 Festinata
507 717 608 768 tamen
631 712 784 786 querimur
806 720 858 770 tna
877 711 951 782 fata,
979 705 1077 786 neque
1098 712 1180 772 ultra

370 797 488 857 Nostra
507 804 573 854 tuos
595 813 716 854 cursum
738 798 863 855 tendere
887 802 956 854 vota
980 796 1054 857 dies.

330 880 392 942 Sed
415 890 516 941 tamen
538 881 737 953 bocmelins,
762 901 853 958 quam
873 882 900 940 si
918 880 1036 940 felicius
1061 901 1171 942 aevum

372 967 521 1044 Rupisset
542 966 621 1024 vitae
644 968 775 1025 stamina
793 966 883 1044 longa
900 974 999 1037 tuae„

291 1111 295 1115 .
330 1053 498 1111 Indelibato
521 1049 620 1127 pietas
642 1069 734 1127 quum
755 1052 827 1110 flore
848 1051 968 1122 vireret,

229 1138 233 1148 ’
370 1138 411 1196 Et
433 1154 520 1196 sacer
538 1134 658 1192 afflaret
676 1144 803 1212 pectora
821 1144 907 1195 casta
924 1135 1018 1207 calor,

329 1221 397 1281 Nec
417 1227 538 1296 caperet
555 1219 646 1279 tellus
670 1221 811 1279 examina
833 1229 918 1279 tanta
937 1222 1067 1297 piorum,
1105 1251 1109 1258 ,

371 1306 502 1364 Divinae
524 1304 623 1363 landis
644 1324 721 1379 quos
738 1306 920 1365 stimulabat
939 1325 1037 1364 amour

330 1392 432 1468 Quum
452 1389 515 1447 veri
536 1389 671 1449 studiosa
690 1399 760 1449 tuae
782 1391 819 1449 de
840 1392 963 1449 flumine
980 1391 1101 1467 linguae

372 1477 437 1536 Ora
456 1475 606 1552 rigaturas
629 1477 717 1534 turba
738 1477 836 1536 sitiret
856 1495 968 1552 aquas:

329 1563 370 1620 Et
388 1579 465 1635 quae
486 1580 547 1617 non
570 1559 689 1619 modico
712 1579 865 1620 murorum
889 1561 1037 1618 clauditur
1057 1560 1140 1631 orbe,

372 1646 433 1703 Vix
456 1645 533 1703 satia
549 1645 692 1720 hospitiis
715 1645 1055 1723 amplaVenegaforet;
1079 1646 1246 1725 [Graecei]

331 1731 450 1804 Totque
470 1729 638 1806 peregrinis
661 1730 813 1789 coleretur
833 1732 973 1808 gentibus
993 1731 1057 1801 illa,

371 1815 455 1873 Pene
474 1822 548 1888 quot
567 1814 729 1892 indigenas
751 1817 799 1874 vel
823 1817 899 1874 satis
922 1833 991 1876 esse
1009 1816 1075 1873 fuit.

329 1900 429 1971 Felix,
452 1900 503 1974 qui
523 1899 578 1956 tali
596 1900 703 1959 vivens
726 1901 862 1961 interfuit
884 1903 975 1959 aevol

372 1985 435 2043 Hei
450 1984 536 2057 mibi,
560 2003 637 2060 quas
659 1993 745 2044 aetas
768 2001 847 2044 nunc
866 1994 944 2043 rotat
961 1985 1023 2044 ista
1046 1986 1144 2044 vicesl

330 2066 431 2131 Aurea
453 2069 555 2128 saecla
572 2070 633 2127 Dei
651 2080 771 2130 mutans
791 2071 897 2147 peiore
913 2071 1038 2128 metallo

371 2155 482 2215 Infecit
502 2162 625 2213 nostros
644 2155 764 2213 decolor
786 2175 860 2214 aura
882 2156 959 2227 dies,

330 2239 475 2316 Quaeque
495 2239 698 2298 incendebant
719 2241 845 2299 caelesti
868 2249 994 2318 pectore
1014 2240 1147 2313 flamma,

372 2324 520 2401 Dilapsae
541 2326 572 2382 in
593 2326 726 2385 cinerem
748 2344 827 2384 nunc
848 2335 971 2403 tepuere
993 2326 1085 2384 faces.

330 2411 389 2486 Qui
410 2411 462 2468 vix
483 2410 616 2487 signavit
636 2412 736 2488 prima
754 2430 830 2488 puer
853 2412 1058 2482 malarouta,

374 2494 430 2555 cui
449 2495 519 2572 pius
539 2496 689 2555 imbuerat
707 2498 849 2555 flammea
872 2496 964 2555 corda
983 2496 1080 2567 timor,

333 2580 507 2658 Transfuga
525 2590 690 2640 castrorum
713 2582 856 2641 meliores
880 2582 1000 2641 abdicat
1025 2588 1116 2651 ames,

374 2664 500 2723 Militiae
523 2667 646 2726 calcans
669 2668 796 2726 foedera
817 2668 916 2745 prima
936 2685 1019 2725 suae.

331 2748 399 2809 Nec
420 2749 519 2809 minus
541 2753 668 2824 interea,
692 2772 781 2811 serae
805 2754 861 2811 sub
882 2753 943 2809 fine
963 2758 1104 2809 senectae

374 2832 452 2894 Sunt
474 2836 525 2909 qui
547 2837 668 2895 deserto
691 2846 777 2915 terga
798 2838 908 2896 dedere
928 2836 1007 2894 Deo.
1097 2858 1099 2864 ·

333 2918 484 2980 Omnibus
502 2920 659 2979 incessunt
676 2923 786 2980 sinceri
807 2922 908 2981 taedia
928 2921 1040 2979 cultus:
1167 2988 1170 2995 Ι

373 3004 414 3064 Et
434 3024 515 3062 nova
534 3007 688 3078 materies,
709 3015 740 3065 et
761 3027 841 3066 nova
865 3026 957 3065 cansa
980 3007 1094 3065 subest.

330 3091 423 3151 Illum
446 3089 512 3147 dira
532 3091 624 3148 trahit
646 3091 751 3149 blandi
773 3093 906 3167 pellacia
923 3099 1080 3167 quaestus,

349 3206 352 3214 ·
374 3177 465 3243 Hunc
485 3174 610 3250 rapidus
632 3185 742 3235 vortex
765 3177 940 3236 ambitionis
965 3177 1036 3255 agit.

332 3261 412 3336 Quid
430 3261 550 3338 loquar,
572 3268 605 3317 ut
626 3261 720 3338 nigris
735 3280 890 3338 ·grassane
914 3262 1035 3321 insania
1057 3261 1169 3319 chartis

373 3347 493 3406 Probra
514 3354 665 3404 venenato
683 3347 784 3404 lurida
805 3346 878 3405 felle
899 3347 981 3419 iacit,

332 3432 430 3507 Atque
450 3431 603 3490 latrocinii
622 3431 678 3490 sub
699 3431 832 3509 imagine
854 3432 985 3509 plurime
1007 3431 1097 3507 vulgo

375 3516 526 3574 Invadunt
547 3517 646 3576 lectos
671 3517 785 3591 scripta
800 3525 944 3593 proterva
963 3508 1066 3576 virosi

332 3597 451 3674 Vixque
473 3602 573 3676 ipsum
596 3603 675 3661 victo
695 3609 791 3661 tutum
813 3610 860 3660 est
880 3621 899 3659 a
920 3601 1044 3661 crimine
1067 3598 1195 3679 caelum.

374 3684 459 3743 Pene
478 3686 579 3744 Deum
598 3688 705 3747 rabido
729 3698 875 3764 provocat
897 3707 951 3745 ore
973 3687 1068 3746 furor.
1120 3730 1122 3738 .

333 3768 393 3843 Tu,
413 3771 464 3846 qui
487 3772 634 3847 perfidiae
655 3770 824 3851 primordia
843 3772 955 3831 rideris
976 3772 1077 3841 huius,
