2884 4650
609 529 669 590 123
686 512 688 523 ⁴

152 711 155 713 ’
181 696 233 756 55.
276 696 416 755 Prudens
437 697 541 770 futuri,
564 707 595 756 et
613 700 775 759 imminens
792 699 935 775 periculis

180 783 340 840 Momenta
360 782 479 840 lubrica
498 792 528 840 et
550 783 700 842 volubiles
722 783 805 842 vices

178 867 335 926 Fortunae
353 866 454 926 inanis
476 867 628 943 pertinere
650 869 689 925 ad
713 887 747 926 se
766 876 869 945 negat:
887 871 891 885 ¹

180 952 220 1010 Et
243 971 347 1024 omne,
368 970 426 1026 quo
447 951 537 1029 plebs
560 971 681 1029 semper
699 952 814 1012 amisso
840 953 931 1025 dolet,

179 1036 216 1094 Id
240 1036 461 1096 commodatum
484 1037 589 1110 credit,
613 1046 644 1096 et
662 1037 848 1115 precarium:

181 1119 336 1196 suamque
354 1122 454 1179 reddit
474 1141 539 1180 rem
559 1123 735 1200 reposcenti
754 1121 834 1196 Deo,

175 1205 235 1265 rNil
255 1207 472 1284 tergiversaris.
498 1207 558 1282 Qui
579 1216 764 1284 potestatem
787 1209 835 1266 sui

179 1290 250 1350 Non
272 1291 347 1350 fecit
365 1292 438 1350 ullis
460 1293 594 1365 casibus,
618 1299 834 1370 casus·potest

178 1376 292 1436 Ridere
313 1384 388 1436 tuto.
413 1375 490 1437 Sunt
512 1378 591 1449 enim
615 1378 792 1438 discrimina

178 1461 299 1520 Animis
323 1463 362 1519 ad
382 1481 471 1521 omne
493 1465 684 1540 praeparatis
704 1464 800 1536 irrita,

179 1545 342 1615 Securitati
365 1565 466 1605 saeva.
510 1546 595 1621 Quod
613 1549 679 1607 fieri
701 1556 813 1626 potest,

179 1630 278 1708 Spera
297 1631 439 1691 futurum.
462 1632 505 1690 nil
526 1635 717 1709 repentinum
740 1635 868 1711 ingruet,

180 1714 213 1777 si
231 1716 377 1791 quidquid
398 1717 486 1789 alias,
508 1737 600 1794 posse
618 1739 697 1777 nunc
717 1719 783 1776 fieri
805 1727 904 1795 putes.

179 1801 319 1860 Adversa
338 1821 438 1859 rerum
459 1803 502 1859 nil
523 1802 596 1860 mali
619 1805 878 1880 exspectantibus,

178 1885 326 1946 Novitate
349 1906 438 1961 quam
460 1887 490 1944 vi
513 1889 636 1964 saepius
658 1897 771 1948 nocent
795 1907 860 1948 sua.

180 1969 255 2032 Sese
274 1972 438 2030 instruenti
461 1972 499 2030 ad
520 1981 637 2045 cuncta,
657 1974 685 2032 si
705 1993 768 2032 non
789 1973 892 2032 omnia

83 2055 86 2064 '
178 2057 219 2116 Ut
239 2057 348 2129 voluit,
369 2065 418 2116 ast
436 2066 471 2114 ut
489 2059 645 2135 cogitavit,
663 2059 812 2116 accidunt.

178 2224 228 2286 56.
272 2225 352 2285 Pars
372 2234 420 2285 est
442 2226 535 2284 loturi
552 2246 664 2304 magna
684 2227 824 2304 supplicii
844 2227 940 2286 timor.

177 2313 265 2371 Mens
286 2311 408 2371 curiose
429 2311 552 2372 credula
572 2313 604 2371 in
628 2333 744 2390 poenas
768 2332 840 2373 suas

178 2396 311 2458 Sensum
334 2404 528 2456 antevertens
550 2399 670 2458 obviam
691 2399 716 2455 it
736 2399 846 2457 damno
872 2418 939 2469 suo,

177 2483 292 2541 Malum
312 2481 489 2540 imminente
510 2484 609 2541 maius
632 2483 787 2542 intentans
810 2484 877 2542 sibi.

176 2568 262 2627 Bene
283 2576 486 2645 praeparatus
507 2569 598 2627 rebus
621 2568 758 2627 adversis
780 2570 877 2642 homo,

177 2652 332 2730 Quidquid
353 2653 485 2710 futurum
505 2654 721 2729 praestolatur,
745 2654 866 2730 excipit.

177 2823 228 2882 57.
272 2822 456 2881 Periculosa
475 2830 523 2883 est
539 2823 636 2881 omnis
658 2822 809 2881 excedens
831 2823 954 2882 modum

177 2907 266 2985 Apud
290 2901 457 2984 tyrannum⁴
471 2928 529 2984 par
550 2916 680 2984 tyranno
700 2908 807 2985 gratia.

177 2992 286 3051 Terret
307 3011 454 3067 sequaces
474 2993 642 3057 aulicorum
662 3012 734 3070 spes
759 3012 866 3051 canum

175 3077 406 3137 Formidolosus
429 3077 613 3156 Caprearum
634 3079 748 3136 carceri

177 3162 309 3223 Seianus
331 3162 402 3221 olim
423 3164 508 3240 plebi
528 3163 683 3221 adoratum
702 3171 803 3241 caput.

175 3248 353 3307 Ascendere
375 3248 437 3307 alta
458 3257 507 3307 est
529 3249 666 3323 arduum,
690 3249 770 3307 unde
792 3256 899 3325 postea

178 3332 307 3411 cogaris
331 3344 402 3391 ante
425 3333 543 3402 cadere,
564 3352 654 3409 qnam
673 3334 868 3393 descendere.

178 3502 227 3561 58.
271 3502 353 3575 Rex,
374 3503 422 3562 cui
443 3503 549 3561 relicta
570 3502 672 3576 vidua,
694 3504 743 3561 cui
764 3520 836 3561 suas
855 3518 962 3576 preces

176 3586 318 3665 Pupillus
335 3586 432 3659 offert,
453 3589 517 3648 vita
538 3588 698 3647 adulantes
718 3606 827 3658 canes3

176 3672 327 3733 Ferosin
349 3691 467 3747 omnes,
490 3675 605 3734 cicures
628 3674 682 3732 uni
703 3672 767 3730 tibi.

179 3755 234 3816 Oui
255 3778 314 3835 pro
336 3759 470 3836 maligno
493 3766 541 3819 est
560 3777 650 3834 parce
670 3756 809 3828 adulans,
830 3756 927 3815 hostis
949 3763 996 3815 est
