2884 4650
712 505 863 602 -Q-

332 675 432 742 Οῦδὲν
452 670 636 759 γλοκότερόν
661 671 751 748 ἐστιν,
771 674 791 756 ἣ
812 669 899 734 πάντ’
924 668 1049 733 εἰδέναι.

333 760 433 828 Οὐδὲν
455 783 473 843 γ
496 759 578 843 ρίνοο
602 758 760 843 βατράχου
785 757 975 841 σοφώτερος.
1087 789 1091 792 ·

402 845 436 907 ὲν,
456 843 613 908 λέλειπται
633 845 692 904 τῦιν
715 843 798 925 ἐμῶν
822 840 891 918 οὐδ’
914 838 1057 924 ἔηκιιρος.

455 927 614 995 πέπονθας
635 927 745 1005 δεινὸν,
768 927 795 988 εἰ
820 926 860 1008 μὴ
884 927 1064 1009 προσποιεῖ.

459 1012 492 1075 ε’
511 1012 615 1094 ὀνήσει
636 1012 759 1096 βολβὸς,
780 1008 816 1073 ἀν
842 1009 883 1092 μὴ
906 1009 992 1092 νεῦρ’
1017 1006 1102 1092 ἔχης.
1155 1051 1158 1058 .

333 845 399 912 Οῦδ

334 930 434 998 Οὐδὲν

334 1014 434 1082 Οὐδὲν

334 1098 433 1166 Οὐδὲν
483 1100 568 1181 ρονεῖ
589 1095 705 1158 δίκαιον
730 1095 864 1161 ἐστυκὼς
885 1094 971 1177 ἀνήρ.

335 1181 414 1250 οῦθ’
438 1184 579 1266 ηλιοῦται
601 1183 769 1256 παντελῶς,
793 1177 865 1242 οὔθ’
891 1179 986 1241 ὕεται.

335 1266 401 1333 Οὐκ
421 1265 456 1329 ἀν
480 1265 598 1348 γένοιτο
617 1266 750 1349 χρηστὸς
774 1265 808 1326 ἐκ
829 1267 927 1327 κακοῦ
949 1260 1072 1346 πατρός.

335 1351 402 1417 Οῦκ
422 1349 457 1413 ἀν
481 1348 604 1433 μόροισι
619 1355 713 1432 Ιρραῦς
737 1348 820 1411 ἐοῦά
844 1348 988 1432 ἠλείφεο.

336 1434 402 1501 Οὐκ
425 1434 461 1498 ἀν
486 1433 585 1496 πάθοι
601 1433 862 1518 τάριχος,«ὧνπερ
889 1431 981 1502 ἄξιος.

339 1517 406 1584 Οὐκ
428 1520 489 1602 εἰμὶ
512 1517 637 1581 τούτων.
661 1521 721 1580 τῶν
743 1516 801 1601 ηάρ
823 1519 936 1601 ἡρώων
961 1515 1033 1597 ἐγὼ,

378 1609 491 1666 κακοῦν
515 1603 646 1686 ἑτοίμων
668 1605 797 1685 μῦλλον,
818 1603 838 1685 ἢ
863 1601 1043 1684 εὐεργετεῖν.

337 1685 403 1752 Οὐκ
423 1686 484 1750 ἔστ’
509 1686 525 1748 ἐ
550 1687 583 1749 δν
605 1687 638 1749 τδ
659 1692 794 1770 πρᾶγμα,
816 1685 918 1748 πολλὰ
938 1682 1083 1770 χαιρέτω.

337 1769 404 1836 Οῦκ
425 1769 489 1834 ἔστι
513 1712 647 1838 Πειθοῦς
669 1772 750 1854 ἱερὸν
773 1769 861 1846 άλλο,
881 1770 960 1851 πλὴν
983 1767 1084 1851 λόγος.

337 1854 403 1919 Οὐκ
426 1855 505 1918 ἔστιν
529 1855 610 1923 ὅστις
630 1856 717 1918 πάντ’
741 1855 817 1939 ἀνὴρ
840 1855 1028 1937 εὐδαιμονεῖ.

294 1956 296 1959 ’
338 1937 404 2004 Οῦκ
428 1940 514 2015 τθος,
537 1939 618 2002 ἀλλὰ
641 1941 768 2024 τίηντρί
792 1939 798 1966 ’
824 1934 967 2002 ἀλλάττει
988 1936 1089 2006 λόκος.

332 2022 406 2110 ὈΨ
425 1966 535 2109 ίλλθες,
557 2025 637 2086 ἀλλά
659 2025 686 2106 η’
712 2026 756 2093 εἰς
765 1963 922 2087 Πολωνδν
946 2023 1023 2086 ἵεσο.

337 2107 456 2191 Πάγαις
474 2108 601 2191 ἀλώπηξ
627 2106 715 2178 αῦθις
736 2109 795 2192 οὐχ
816 2109 980 2171 ἁλίσκεται.

337 2191 442 2257 Πάλαι
464 2193 534 2257 ποτ’
555 2192 634 2276 ἦσαν
659 2193 782 2276 ἄλκιμοι
805 2191 961 2276 Μιλήσιοι.

339 2276 594 2362 Παλινδρομῆσαι
617 2280 745 2362 μᾶλλον,
767 2279 786 2362 ἢ
807 2282 909 2346 κακῶς
931 2277 1068 2362 δραμεῖν.

306 2420 310 2427 ,
338 2365 404 2430 Πάν
424 2386 471 2425 τοι
493 2362 657 2446 γενόμενον
679 2363 841 2426 κατθανεῖν
863 2363 1031 2447 ῦρειλεται.

201 2504 206 2510 .
339 2447 430 2531 Παρὰ
457 2448 511 2531 μὲν
535 2448 695 2512 θάλασσαν
707 2448 883 2531 περίπατος,
896 2446 980 2530 παρά
998 2450 1054 2529 γῆν
1070 2444 1098 2509 δ’
1112 2448 1128 2511 ό
1144 2448 1250 2514 πλοῦς.

339 2533 406 2599 Πᾶς
429 2531 492 2593 ἐστι
507 2532 610 2616 δούλῳ
635 2532 784 2616 δεσπότης
805 2531 1046 2616 μονοσόλλαβος.

340 2615 465 2699 Πάσησι
487 2618 686 2700 κορυδαλοῖσ’
711 2617 824 2679 ἐνεῖναι
844 2616 904 2701 χρὴ
927 2615 1036 2699 λόφον.

340 2699 553 2767 Παταικίωνος
574 2705 884 2786 συκοφαντικιότερος.

341 2784 463 2864 Παγεῖα
482 2784 597 2867 γαστὴρ
621 2787 731 2848 λεπτὸν
755 2787 791 2849 οὐ
811 2786 901 2849 τίκτει
922 2782 1003 2847 νόον.
1089 2788 1252 2869 [παχεῖαῖ]

341 2867 430 2939 Uet*
452 2868 578 2951 βαδίζω.
599 2873 660 2931 νεῖν
683 2869 740 2953 ηόιρ
764 2870 819 2933 οὐκ
841 2869 1013 2951 ἐπίσταμαι.

342 2952 465 3017 Πείθειν
486 2950 543 3033 γὰρ
566 2950 632 3014 οἶδε
655 2954 706 3015 καὶ
727 2954 845 3036 πέφυκε
867 2955 907 3036 μὴ
929 2952 1040 3033 λέγων.

342 3021 491 3103 Πεινιῦντι
519 3034 657 3098 κλέπτειν
680 3034 741 3099 ἔστ’
767 3039 940 3120 ἀναγκαίως
964 3034 1047 3123 ἕχον.

342 3120 441 3186 Πενία
461 3119 519 3203 γάρ
541 3118 659 3202 ἐστινὴ
683 3120 802 3205 τρόπων
816 3124 1018 3190 διδάσκαλος.

343 3205 457 3270 Πέπων
482 3204 580 3287 ἐρινὸς
600 3209 757 3274 παντελῶς
780 3208 906 3291 ἀχρεῖος·
928 3207 970 3269 ὤν

388 3291 431 3358 εἰς
452 3292 576 3375 βρῶσιν,
600 3288 713 3357 ἄλλους
737 3290 915 3374 ἐξερινάζεις
937 3290 1038 3377 λόγιμς

345 3371 511 3457 Περνῶντα
534 3374 584 3435 τὸν
606 3374 773 3459 χαραδριὸν
801 3375 995 3459 μιμούμενος.

345 3453 474 3520 Πίνουσ’
496 3459 625 3543 ὁμίχλην
647 3462 701 3539 τῆς
721 3462 867 3543 πονηρίας
892 3460 994 3525 κακοί.

346 3536 461 3609 Ποθεῖς
476 3543 527 3605 τόν
551 3543 587 3605 οὐ
606 3541 744 3628 παρόντα
765 3544 814 3606 καὶ
836 3546 930 3628 μάτην
952 3548 1064 3613 καλεῖς.

346 3620 476 3692 Πόλεως
499 3626 634 3712 ἁλοόσης
655 3628 764 3695 πάντες
787 3625 825 3691 αδ
849 3629 980 3714 ρροῦδοι
1002 3629 1080 3693 θεοί.

347 3705 448 3772 Πολιά
469 3708 583 3793 χρόνου
605 3714 740 3797 μήνυσις,
762 3713 797 3776 οὐ
823 3714 1011 3798 φρονήσεως.
