2884 4650
312 729 386 790 Non
406 729 453 788 illi
469 730 562 806 prisci
583 737 731 790 certasset
749 749 854 790 norma
870 728 1012 803 Cratetis,

313 813 386 875 Non
405 814 490 873 cuius
509 815 631 891 spurios
649 834 756 875 versus
777 833 905 875 censura
923 816 1050 888 notavit,

313 902 353 961 Et
376 899 460 959 laeso
482 918 501 957 a
523 900 640 959 mendis
664 900 769 960 obelos
790 900 945 976 impressit
967 898 1115 960 Homero.

256 983 259 989 ’
313 983 366 1046 Sic
385 984 485 1044 furtim
507 993 627 1060 ereptos
649 985 769 1044 blandis
792 985 958 1043 nutricibus
982 1003 1080 1044 annos

313 1069 458 1129 Erudiere
479 1068 577 1141 Deae,
598 1070 694 1128 donec
710 1071 757 1128 ris
780 1070 893 1128 mentis
916 1069 1037 1127 adultae

312 1155 363 1215 Ad
380 1172 507 1232 magnos
531 1172 652 1226 census,
674 1155 872 1232 gravioreque
895 1162 1001 1231 coepta
1020 1162 1149 1212 vocaret.

314 1240 401 1298 Tunc
420 1239 498 1310 Dea,
520 1257 609 1313 quam
631 1257 726 1315 penes
748 1246 795 1298 est
816 1238 913 1296 cultae
935 1239 1078 1296 facundia
1089 1239 1225 1318 linguae,

314 1325 402 1400 Quae
423 1324 511 1382 dotes
530 1324 591 1381 oris
614 1324 728 1396 tribuit,
749 1342 933 1401 regnumque
957 1324 1108 1399 loquendi,

200 1423 204 1428 “
313 1408 416 1467 Induit
436 1408 544 1467 Actaei
566 1427 689 1483 puerum
711 1407 927 1468 Demosthenis
949 1428 1049 1466 arma:

313 1493 437 1567 Eloquii
456 1493 590 1552 florentis
614 1511 699 1569 opes,
720 1500 929 1569 momentaque
949 1493 1032 1552 fandi

315 1577 432 1646 Tradit,
455 1585 485 1635 et
506 1577 651 1637 attonitas
674 1586 769 1637 artem
791 1597 868 1653 quae
889 1585 1046 1654 permovet
1067 1597 1169 1651 eures,

314 1661 508 1737 Arbitrioque
530 1681 586 1721 suo
608 1663 783 1722 moderatum
803 1663 891 1722 frena
911 1682 1051 1722 coronae.

314 1745 374 1805 His
394 1747 488 1805 sacris
510 1748 655 1820 imbutus,
677 1749 730 1820 ait,
742 1741 822 1824 'pete
842 1747 948 1807 limina
967 1748 1079 1826 legum,
1370 1759 1371 1778 i

316 1830 401 1905 Quae
420 1831 475 1890 tibi
493 1832 621 1890 recludit
642 1833 737 1892 nostri
757 1832 868 1891 fiducia
888 1833 1005 1891 ductus.

315 1916 358 1977 Ut
376 1924 494 1974 rectore
515 1936 633 1990 carens,
653 1926 683 1975 et
703 1917 788 1976 nullo
811 1916 926 1996 remige
946 1925 1012 1976 tuta
1112 1949 1117 1958 ·

314 2002 494 2060 Ludibrium
515 2003 598 2060 venti
619 2003 732 2079 puppis
754 2004 882 2060 iactatur
901 2003 932 2060 in
952 2001 1057 2061 undis:

316 2085 367 2148 Sic
387 2087 556 2162 quicunque
579 2087 660 2146 subit
677 2087 835 2147 Themidis
861 2087 995 2146 sacraria
1014 2088 1131 2162 Mystes

314 2172 406 2232 Lucis
427 2191 520 2248 egens
541 2179 677 2244 nostrae,
703 2173 877 2247 cunctisque
897 2172 1051 2247 paratibus
1076 2173 1181 2247 orbus,

315 2256 402 2333 Quos
423 2258 539 2314 munire
562 2256 660 2314 solent
681 2257 783 2333 pueris
807 2256 993 2316 discentibus
1017 2259 1125 2316 Artes:

314 2341 467 2402 Exclusus
489 2342 650 2401 commissa
670 2342 743 2415 luet,
767 2343 846 2419 quod
863 2350 963 2401 mente
983 2343 1114 2419 profana

314 2426 393 2485 Iuris
415 2427 572 2486 inaccesso
592 2427 697 2503 posuit
718 2428 846 2505 vestigia
868 2427 951 2487 luco:

314 2510 355 2569 Iit
377 2530 529 2587 uunquam
549 2512 632 2572 visus
655 2513 754 2589 adytis
776 2512 916 2571 immittet
938 2512 1063 2589 opertis.

316 2595 419 2653 Exere
441 2597 588 2657 rividuios
608 2599 701 2656 animi
724 2598 847 2657 solertis
868 2596 1021 2674 ocellos[‚]

316 2677 395 2739 Care
417 2699 502 2755 puer.
525 2689 555 2739 te
576 2683 645 2741 iura
664 2692 780 2757 vocant,
805 2700 973 2757 arcanaque
992 2682 1103 2760 legum.

208 2769 214 2781 '
316 2764 362 2822 Te
382 2782 439 2821 sua
459 2766 588 2823 votivum
609 2766 735 2827 Themis
754 2769 786 2826 in
806 2766 974 2844 penetralia
996 2767 1096 2842 mittit,
1165 2772 1179 2843 j

316 2847 402 2921 Quae
421 2854 451 2905 te
471 2852 631 2926 purpureis
653 2853 800 2911 insertum
823 2852 964 2910 Patribus
988 2844 1061 2911 olim

317 2932 456 3010 signabit
473 2935 599 3007 meritis,
619 2953 779 3013 rerumque
800 2938 936 3015 imponet
954 2937 1092 2997 habenis.

201 3048 204 3052 ·
315 3017 410 3077 Disce
432 3018 500 3092 quis
524 3018 617 3076 officii
635 3020 736 3093 limes,
765 3041 842 3097 quae
862 3022 968 3101 regida
987 3022 1072 3095 recti,
1136 3060 1139 3069 ·

317 3101 393 3177 Quis
413 3102 496 3161 licito
519 3103 601 3176 finis,
623 3106 747 3163 vetitum
767 3125 843 3180 quae
865 3126 966 3184 poena
987 3114 1143 3183 sequatur:

318 3188 430 3264 Qualia
447 3187 494 3247 bis
517 3188 600 3246 senis
620 3190 740 3249 tabulis,
759 3210 887 3250 sanxere
909 3190 1052 3264 Quirites,

316 3274 378 3333 Aut
398 3272 552 3332 Praetoris
574 3273 684 3346 honos,
705 3283 758 3332 aut
779 3274 919 3335 Caesaris
941 3275 1003 3333 alta
1020 3283 1166 3353 potestus.
1201 3310 1204 3317 .

316 3358 441 3417 Artibus
465 3358 565 3417 excita
585 3358 633 3417 his
655 3360 793 3419 homines
816 3364 947 3421 Astraea
966 3361 1082 3434 reuisit,

316 3440 498 3501 Praetulerit
521 3443 657 3520 quamvis
678 3443 778 3502 telluri
797 3445 906 3519 sidera,
928 3455 1086 3523 postquam

316 3528 419 3585 Aurea
438 3527 567 3588 deterius
588 3528 703 3587 vitiavit
725 3530 807 3587 secla
829 3531 992 3589 metallum.

318 3609 377 3669 His
398 3629 517 3686 quoque
539 3614 694 3673 barbarico
712 3614 916 3689 squallescere
940 3617 1043 3675 secula
1062 3616 1122 3675 ritu

317 3694 503 3766 Dediscunt;
526 3706 566 3771 et,
589 3700 641 3774 qui
662 3699 759 3760 voluit
778 3700 898 3759 feritate
918 3701 1026 3775 timeri,

317 3780 389 3841 Iura
410 3780 503 3839 timet.
524 3782 676 3860 Validum,
698 3785 858 3861 saevisque
879 3786 1032 3862 potentius
1056 3787 1160 3861 armis,

156 4341 526 4503 „M
