2884 4650
723 466 875 560 All-6—

343 638 457 729 Fausta
478 638 555 713 bona
577 634 745 713 inspirans,
765 644 795 695 et
816 654 960 700 ,amaenae
982 636 1063 695 dona
1082 636 1205 696 salutis.

345 806 386 877 el
536 805 636 865 Somni
657 779 797 882 suffimen,
822 825 884 865 cram
901 825 1061 881 papauere.

252 940 256 947 .
345 888 1258 969 Somnepater,Divumomnigenumunicusatquehominum

343 978 595 1052 usquecunque
616 976 701 1034 fovet
713 976 812 1035 ‘tellus
833 976 997 1034 animantia
1018 978 1118 1037 secla:
1178 978 1257 1053 [rex,

346 1061 495 1123 Omnibus
516 1080 594 1121 unus
618 1061 697 1119 enim
718 1080 827 1139 regnas
848 1069 937 1136 atque
957 1062 1096 1122 omnibns
1117 1064 1233 1138 adstas,

346 1147 545 1224 corporaque
566 1146 728 1206 insidiator
748 1146 858 1205 inermi
879 1147 1025 1223 compede
1045 1148 1158 1208 vincis:

346 1232 490 1292 Curarum
515 1232 653 1305 domitor,
675 1233 794 1307 requies
815 1232 1002 1309 praeblanda
1023 1232 1172 1308 laborum,

345 1320 501 1377 Maerores
525 1336 628 1376 omnes
651 1336 742 1395 aegro
765 1318 802 1375 de
818 1326 942 1393 pectore
963 1326 1096 1394 tergens.

346 1403 407 1479 Qui
428 1402 535 1461 mortis
556 1420 642 1460 curas
663 1402 759 1483 abigis
779 1404 956 1477 animasque
974 1422 1128 1462 reservas:

343 1488 424 1549 Nam
446 1506 517 1546 rere
538 1487 644 1545 mortis
665 1506 827 1565 germanus
851 1507 883 1547 es
907 1495 996 1563 atque
1016 1489 1142 1546 veterni.

346 1572 407 1633 Sed
428 1574 484 1631 sub
509 1579 539 1629 te
562 1572 650 1648 placo
669 1573 735 1631 miti
756 1574 918 1631 adventare
940 1573 1056 1647 favore,

346 1657 523 1718 servantem
544 1656 657 1734 placidi
677 1678 733 1717 nos
755 1676 874 1717 sacrum
894 1659 984 1715 ritum
1008 1660 1167 1718 obeuntes.

344 1828 385 1889 85
589 1826 701 1887 Samnii
718 1829 857 1904 suffimen,
871 1837 1012 1885 aromata.

345 1914 484 1975 Obsecro
507 1921 548 1986 te,
569 1914 724 1993 princeps,
746 1913 875 1971 celerem
895 1913 1070 1990 pernicibus
1090 1913 1161 1988 alis,

344 1998 482 2059 Nuncius
503 1998 619 2071 incerti,
642 2019 735 2057 verax
752 1997 930 2057 Carmentus
949 1999 1123 2071 homonum,

345 2084 426 2143 Nam
451 2104 561 2161 repens
581 2085 689 2143 tacitus
708 2103 764 2160 per
786 2084 883 2143 amica
902 2083 1024 2142 silentia
1048 2084 1162 2157 somni,

345 2171 570 2246 Insinuansque
589 2170 698 2229 animis
719 2169 874 2228 hominum
898 2168 941 2227 cis
963 2168 1069 2226 intima
1090 2170 1212 2243 mentis,

344 2256 384 2315 Et
405 2256 481 2315 scita
498 2255 537 2312 ad
559 2274 686 2314 somnos
702 2252 788 2333 legas
810 2254 931 2313 decreta
950 2254 1082 2327 deorum,

345 2339 527 2420 significans
550 2341 658 2400 tacitus
681 2341 781 2398 tacitis
805 2335 955 2399 animabu'
977 2340 1088 2412 future,

345 2425 422 2486 Cum
445 2426 513 2503 quis
533 2427 590 2485 rite
613 2427 681 2485 colit
703 2426 792 2484 divos
811 2427 844 2484 in
864 2433 989 2504 pectore
1010 2445 1098 2503 puro.

346 2509 474 2590 Semper
494 2520 527 2570 ut
549 2513 718 2592 anticipans
748 2531 834 2588 spem
859 2511 1001 2570 blandam
1021 2518 1122 2568 mente
1145 2512 1260 2587 sagaci,

345 2597 445 2655 Vitam
467 2598 622 2656 hominum
646 2597 799 2655 illecebris
811 2598 974 2674 prolectes,
987 2597 1098 2674 gaudia
1110 2596 1261 2669 hiantum,

345 2681 445 2756 thue
467 2683 606 2743 homines
627 2683 760 2743 animum
781 2683 972 2758 requiescant
993 2677 1124 2740 tristibu'
1149 2681 1242 2754 curis,

346 2764 572 2844 suppliciisque
592 2770 667 2828 deos
690 2788 730 2828 ex
752 2786 837 2828 sacro
854 2787 979 2826 munere
998 2767 1130 2844 placent.

345 2850 485 2926 Namque
505 2852 565 2928 piis
590 2874 711 2930 semper
733 2862 794 2912 stat
811 2854 928 2912 dulcior
949 2851 1030 2910 exito
1048 2853 1131 2924 finis,

346 2937 478 3020 Tantum
498 2937 606 2995 celavit
628 2940 783 2998 venientia
804 2940 865 2996 fata
886 2939 1023 2998 nefastos

347 3021 530 3100 Somnigena
554 3023 683 3099 species,
705 3025 875 3085 certissima
896 3024 1002 3082 nuntia
1021 3023 1132 3080 damni.

346 3105 396 3166 Ne
416 3126 476 3183 qua
496 3107 576 3166 foret
596 3125 695 3165 noxae
718 3111 869 3169 venientis
893 3109 1015 3187 cognita
1033 3108 1115 3166 finis.

347 3191 447 3252 Clinia
466 3193 520 3276 sed
541 3199 694 3266 tesancte
716 3213 834 3270 precor,
855 3200 1068 3272 praemonstra
1088 3191 1226 3250 Deorum

345 3277 504 3353 Notifices,
528 3295 705 3356 semperque
727 3278 882 3340 offendens
905 3288 1026 3356 pectora
1043 3297 1130 3355 pura,

345 3362 511 3441 Nunquam
532 3363 683 3442 prodigiis
705 3363 859 3423 acclarans
881 3365 982 3424 omina
999 3364 1113 3440 iniqua.

347 3513 387 3590 86
597 3537 704 3594 Martia
725 3533 864 3609 suffimen,
889 3554 1005 3593 maana.

348 3613 416 3699 Huc
437 3619 533 3693 adsis,
554 3638 631 3696 quae
653 3619 810 3679 hominum
830 3616 943 3679 moliris
965 3625 1073 3676 cuncta
1092 3617 1245 3694 guberna,

349 3701 479 3786 Tantum
499 3705 671 3780 producens
696 3704 763 3763 aevi
784 3711 926 3780 quantum
949 3704 1066 3762 eminus
1089 3701 1196 3761 distas.
