2884 4650
786 502 848 563 aot

300 672 529 730 1210Levamen
553 690 631 743 acre,
653 690 718 730 cum
742 673 888 731 tumultus
911 672 1047 731 hosticus

374 757 515 815 vastabit
536 776 608 814 arro
630 764 660 814 et
681 756 794 815 Teneri
815 757 951 815 donaria.

376 840 438 901 Sed
460 848 490 899 et
509 842 622 900 sufetes
644 842 773 900 victimis
796 842 914 901 Eetenii

376 926 475 997 Tuam
499 927 642 985 favebunt
662 935 695 984 ut
715 929 839 985 deorum
862 928 1017 985 adoream.
1090 927 1289 1004 [fovebantl]

376 1012 416 1070 Et
435 1010 587 1071 Onossum
607 1011 702 1071 adibit
724 1020 813 1085 atque
832 1010 976 1087 Gortynis
997 1012 1104 1071 domos

301 1095 463 1155 1215Meae
485 1096 591 1155 ruinae
612 1095 721 1169 luctus,
748 1105 778 1154 et
800 1097 963 1154 caduciter

375 1181 494 1239 Ducum
517 1182 661 1239 lababunt
681 1188 770 1239 tecta.
792 1181 951 1240 nonenim
971 1181 1120 1240 innocens

375 1266 523 1324 Lembum
545 1265 690 1323 biremem
710 1275 803 1325 nauta
825 1267 959 1342 piscator
977 1266 1065 1341 regit,

376 1351 510 1408 Leucum
532 1359 719 1425 sequestrem
738 1352 843 1428 regiae
862 1351 988 1409 ductans
1011 1350 1091 1422 dolo,

379 1436 550 1512 Odiumque
574 1436 672 1494 caecis
696 1435 1059 1511 implicanssmendaciis:

300 1520 368 1575 1220
380 1518 447 1577 Nec
465 1520 518 1577 ille
540 1527 643 1595 parcet
661 1520 779 1593 liberis,
803 1540 858 1579 nec
879 1520 1001 1597 coniugi

376 1605 494 1678 Medae,
516 1605 629 1664 furoris
654 1608 800 1665 aestubus
820 1614 953 1664 mentem
976 1605 1073 1676 avius,

376 1688 449 1747 Non
469 1689 656 1748 Clesithcrae
676 1692 769 1762 filiae,
792 1691 876 1749 cuius
895 1700 982 1765 pater

375 1774 509 1833 Draconi
530 1774 650 1839 alumno
678 1784 783 1852 sponte
803 1776 922 1851 nuptias
946 1774 1040 1832 dabit:

376 1860 551 1935 Omnesque
574 1861 666 1918 cruda
686 1862 773 1919 cedet
797 1862 829 1918 in
850 1860 944 1919 sacris
969 1878 1057 1917 manu

301 1947 367 2000 1225
377 1944 496 2005 Cereris
517 1946 653 2018 favisse,
678 1947 799 2004 saucios
820 1946 988 2005 crudeliter.

375 2030 540 2107 Decusque
560 2030 670 2089 avitum
694 2032 812 2089 illustre
832 2030 967 2107 progenii
987 2050 1071 2088 meae

376 2119 493 2174 Aevum
514 2124 638 2191 nepotes
662 2117 789 2174 efferent
806 2117 836 2173 in
861 2124 1026 2191 posterum,

376 2199 526 2259 Coronam
549 2201 649 2276 adepti
670 2201 793 2278 praeliis
816 2200 1025 2277 perduellium,

377 2285 489 2345 Terrae
512 2286 663 2360 marisque
683 2288 731 2345 ius
752 2294 890 2346 tenentes
912 2286 1075 2362 principes:

301 2377 367 2430 1230
376 2370 442 2429 Nec
467 2371 620 2430 mentione
643 2380 779 2448 postuma
804 2392 915 2431 nomen
938 2391 1050 2430 carens

378 2455 499 2516 Gelabis
520 2457 589 2516 altis
608 2458 639 2515 in
663 2458 808 2530 tenebris,
832 2456 936 2534 patria.

377 2542 469 2600 Tales
489 2542 640 2617 relinquet
658 2543 857 2602 consobrinus
877 2542 1012 2617 duplices

378 2628 464 2685 Meus
487 2628 606 2700 leones,
629 2629 793 2703 maximum
814 2629 931 2686 Romae
956 2645 1063 2704 genus,

378 2709 495 2771 Gnatus
520 2722 664 2771 venustae
685 2713 902 2784 Verticordiae,
924 2712 1029 2771 cluens

301 2796 368 2850 1235
377 2796 500 2869 Mentis,
523 2816 578 2854 nec
600 2799 662 2856 acri
684 2799 883 2874 poenitendus
904 2797 1024 2872 praelio.

375 2880 548 2939 Rhaecelon
569 2885 671 2940 urbem
694 2885 745 2958 qui
766 2884 1003 2960 priusvventons
1027 2883 1107 2941 colet

377 2965 459 3024 (lissi
478 2965 515 3024 ad
537 2985 710 3041 supremum
731 2969 860 3040 culmen,
883 2976 913 3024 et
933 2968 1116 3044 Laphystias

376 3050 476 3110 Cornu
493 3051 626 3128 rigentes
649 3055 797 3113 feminas:
822 3052 981 3128 Halmopia

375 3137 508 3197 Rursum
531 3145 691 3195 exeuntem
713 3158 800 3212 quem
827 3146 929 3196 manet
951 3137 1108 3209 Turrenicu

300 3225 368 3281 1240
377 3223 513 3299 Tepente
534 3224 674 3298 Lynceus
695 3233 725 3279 et
743 3225 914 3282 redundans
937 3221 1066 3300 agmine.

375 3310 415 3368 Et
435 3309 519 3382 Pisa,
541 3327 690 3385 pecorosa
712 3317 802 3383 atque
822 3308 949 3386 Agylles
973 3325 1099 3382 pascua:

375 3395 516 3452 Miscebit
535 3395 630 3454 hostis
653 3392 782 3470 quocum
805 3395 932 3450 amicum
952 3392 1128 3463 exercitum,

376 3477 511 3555 Adigens
531 3490 719 3539 sacramento
743 3486 832 3551 atque
854 3478 1010 3554 suppliciis
1034 3495 1168 3552 precum,

376 3561 453 3621 Erro
474 3564 604 3624 latentes
625 3565 757 3642 pumilus
778 3581 907 3638 ruspans
927 3563 993 3621 vias

302 3643 492 3705 1245Terrae
515 3653 680 3726 marisque:
702 3660 765 3709 tum
786 3648 875 3707 simul
896 3648 959 3706 nati
980 3647 1039 3704 duo

377 3731 483 3808 Mysos
505 3735 638 3812 regentis
661 3736 761 3811 (cuius
782 3734 891 3793 avertit
911 3734 986 3791 deus

139 4208 787 4462 aaa
