2884 4650
570 496 719 593 —aoj-

318 667 482 743 Atatipeoe
496 668 647 745 Elpenoris
667 668 809 743 ruffiaco,
829 677 954 725 caraea
1057 666 1098 725 41

189 751 366 812 Acciuctum
386 753 484 810 ferula
504 759 535 809 te
556 752 664 829 legifer
685 752 784 810 incalo
802 750 924 823 Brume,

189 840 354 895 Aeternum
374 838 476 914 magni
496 856 607 895 numen
625 835 821 895 memorabile
842 833 948 908 Consi,

188 922 282 990 Pura,
306 940 401 995 sacer,
424 922 558 999 bigener,
578 922 698 999 Regina
720 921 843 994 indicta,
866 920 981 997 virago,

188 1006 258 1065 Mas
281 1006 398 1080 eadem,
418 1008 584 1081 mulierque
606 1005 791 1078 bimembris,
812 1005 935 1078 Libera,
953 1004 1076 1063 Bruma.

190 1090 263 1155 Sive
283 1092 316 1149 iu
337 1092 492 1151 Eleusinia
511 1091 622 1168 templo
643 1091 768 1150 laetaris
792 1090 897 1162 odoro,

190 1174 264 1237 Sive
288 1176 378 1234 etiam
399 1177 432 1235 iu
451 1177 564 1253 Frugia
585 1194 652 1235 cum
675 1184 770 1234 matre
790 1193 902 1233 aroana
921 1169 979 1251 agi‘
1002 1192 1101 1247 sacra,

190 1258 263 1321 Sive
286 1262 374 1319 etiam
396 1262 427 1319 in
450 1260 551 1337 Cupro
576 1261 661 1338 degis
686 1280 754 1319 oum
774 1260 885 1319 Martia
904 1278 1042 1318 amoena

190 1345 250 1403 Vel
272 1346 299 1405 si
318 1346 470 1423 frugiferis
491 1346 645 1423 persultas
667 1346 779 1420 pabula
801 1345 926 1420 campis,

191 1428 355 1507 cornigera
376 1450 441 1488 cum
463 1438 558 1489 matre
579 1439 633 1489 tua
650 1431 737 1489 Deus
756 1431 839 1489 Iside
859 1438 975 1503 sancta,

192 1514 328 1589 Cumque
351 1517 430 1575 assia
453 1516 634 1589 famulabus,
657 1516 695 1573 ad
718 1515 799 1573 alma
817 1516 930 1573 fluenta
952 1514 1100 1572 Melonis:

191 1600 285 1659 Adsis
309 1600 379 1658 diva
397 1602 504 1660 favens
527 1603 567 1659 ob
589 1620 688 1659 rerum
709 1602 844 1676 praemia
865 1608 979 1659 sancta.

379 1771 593 1846 Teutperterum
614 1770 754 1843 suffimen,
778 1779 920 1827 aromata.
1060 1770 1101 1828 tt

192 1853 383 1929 Temperiae,
402 1854 486 1914 Iovis
511 1862 541 1911 et
558 1854 662 1911 luritis
683 1861 789 1911 sancta
805 1872 965 1929 propagas,

191 1941 293 1996 Aurea
313 1938 373 2011 lex,
394 1946 425 1996 et
445 1940 504 2011 fas,
529 1946 558 1995 et
579 1956 641 2013 pax
664 1937 939 2010 dirissimarum,

191 2023 323 2096 Vernae,
345 2024 529 2099 gramineae,
549 2040 702 2099 puraeque
724 2029 754 2079 et
774 2022 1005 2095 multivireutes,

193 2107 419 2181 Omuicolores,
444 2107 676 2167 suavehalantes
699 2106 806 2182 spiritu
828 2126 967 2179 amoeno,

194 2192 375 2268 Temperiae
395 2194 519 2265 virides,
541 2198 705 2265 vortemer,
728 2200 759 2249 et
779 2192 953 2267 speciosae:

191 2277 297 2338 Pallas
319 2278 441 2336 indutae
468 2278 557 2338 sertis
580 2277 763 2354 pubentibus
786 2285 883 2354 aptas,

182 2362 369 2440 ¹(longeriae
384 2363 598 2440 Proserpinae,
628 2363 678 2421 ubi
701 2381 765 2419 eam
788 2357 968 2422 solemnibu'
988 2361 1103 2419 Parcae

193 2446 351 2509 Staticulis
371 2449 432 2506 luci
453 2456 594 2506 revocant
617 2455 646 2504 et
668 2445 794 2506 Gratiae
816 2453 952 2506 ovantes.

191 2531 315 2592 Diiovis
333 2533 478 2608 imperiis,
504 2542 533 2591 et
549 2533 657 2591 Matris
678 2532 892 2607 opicousivae;

192 2618 264 2678 Huc
281 2619 370 2677 mites
383 2617 431 2686 ,ad
452 2637 539 2676 saera
558 2619 609 2693 pia
629 2616 799 2675 instaurata
819 2617 931 2687 venite,

192 2702 349 2763 Ducentos
371 2704 520 2762 foecunda
543 2702 744 2779 propagmiua
757 2708 978 2777 tempestatum.

436 2871 565 2930 Semelae
585 2873 724 2946 suffimen,
747 2881 875 2930 storace.
1063 2869 1103 2927 ta

193 2956 293 3015 Elicio
314 2974 431 3031 puram,
457 2964 634 3033 prognatam
655 2955 790 3031 principe
813 2953 939 3027 Cadmo,

192 3041 367 3100 Formosam
388 3039 552 3114 Semelam,
574 3041 754 3113 cincinnum,
774 3041 1011 3115 vestifluamque,

192 3126 234 3184 Et
256 3133 382 3183 matrem
403 3125 508 3183 Brumi
525 3125 689 3198 laetabilia,
714 3133 744 3184 et
762 3126 893 3184 ferulati.

192 3210 334 3271 Fulmina
356 3229 433 3285 quae
456 3229 541 3269 sacro
564 3211 677 3268 foetum
698 3218 909 3270 exterraneum
930 3207 1041 3284 abegit,
1118 3239 1122 3249 ·

193 3295 337 3358 Aeternis
358 3295 435 3354 Iovi'
459 3296 605 3354 consultis
629 3297 719 3354 enixa
740 3296 858 3374 puellas

195 3379 293 3454 Quam
315 3380 437 3457 dignata
461 3381 546 3459 gravi
569 3389 616 3440 est
638 3382 753 3440 floreus
773 3378 961 3453 Proserpina
980 3377 1107 3448 honore,

193 3466 279 3523 Inter
302 3465 450 3524 mortales
472 3467 560 3524 trima
582 3466 620 3524 ad
644 3466 769 3524 comitia
788 3463 876 3522 imti:

195 3551 328 3626 Quando
350 3551 394 3608 tui
413 3550 518 3609 Bromi
538 3552 673 3611 referunt
693 3548 857 3627 genitabile
876 3563 1010 3624 germen,

194 3637 531 3710 Anclabram‘sacram,
552 3644 582 3695 et
603 3653 701 3694 rerum
724 3633 804 3691 baud
822 3627 1106 3706 arcanaprofuuda.

196 3721 241 3781 Te
263 3721 333 3779 Dea
352 3721 475 3795 patritia
495 3723 632 3780 obtestor
655 3725 722 3777 sata
742 3718 876 3794 principe
907 3713 1033 3787 cadmo,
