2884 4650
725 643 875 654 ...u—a·-

345 731 460 788 Rumor
475 730 513 788 sb
537 747 647 788 occasu
667 727 747 786 caeli
769 728 886 786 deletus
911 726 950 784 ed
970 733 1079 800 ortum,

346 814 393 872 Te
415 814 533 873 nescire
553 822 672 887 vetans,
693 813 775 872 claro
801 813 883 888 quod
902 811 1009 888 belgia
1031 812 1153 887 planctu

345 898 469 958 Nesciri
488 899 635 975 prohibet,
658 917 715 956 nec
736 915 809 956 mcx
827 899 950 972 Europe
971 895 1082 956 silebit.

345 983 426 1043 Num
449 984 542 1043 veluti
560 984 661 1061 magni
683 983 774 1040 Titan
792 983 843 1039 fex
863 981 982 1057 publice
1002 982 1107 1040 mundi

344 1068 419 1129 Non
440 1088 473 1128 se
496 1069 588 1126 celari
608 1069 730 1142 petitur,
752 1067 879 1141 visuque
898 1066 998 1124 notari

346 1153 389 1215 Se
411 1154 509 1226 docet,
531 1153 659 1210 inferuis
681 1153 730 1210 vel
752 1170 819 1210 cum
843 1169 897 1210 sue
918 1150 1033 1208 lumine
1054 1152 1145 1210 terris

345 1238 495 1315 Explicat,
517 1237 656 1313 opposite
673 1237 722 1294 vel
742 1255 809 1294 cum
831 1244 923 1313 negat
941 1235 994 1292 ille
1016 1250 1139 1294 sorore:

347 1323 399 1385 Sic
419 1323 471 1398 qui
491 1322 559 1380 luce
579 1341 636 1380 suu
654 1341 796 1399 maguum
817 1321 994 1396 complexus
1017 1321 1184 1398 Olympum

346 1409 384 1467 ln
402 1427 436 1467 se
457 1407 595 1465 mirantis
615 1407 700 1465 visus
725 1407 894 1464 adverteret
912 1406 1007 1477 orbis,

345 1492 512 1568 Lipsieden
531 1500 614 1550 tento
633 1492 769 1549 defectae
792 1491 858 1550 sole
878 1491 1046 1566 requirunt,

347 1578 431 1653 Ques
451 1577 537 1636 vivus
555 1577 652 1634 nitido
672 1576 804 1652 perfudit
819 1575 933 1634 lumine
954 1581 1071 1652 gentes,

346 1662 512 1736 Postquam
533 1661 593 1719 tale
613 1662 701 1719 iubar
720 1661 850 1719 flammis
869 1661 989 1738 insigne
1003 1659 1144 1718 'coruscis

346 1747 501 1806 irradians
522 1753 657 1806 nostrum
681 1747 802 1823 scriptis
822 1745 990 1804 illustribus
1006 1763 1131 1803 aevum.

347 1832 495 1891 Maerenti
518 1832 628 1901 munde
647 1850 708 1889 nox
728 1831 889 1906 intercepit
909 1831 1022 1889 oborta.

345 1916 417 1976 Non
439 1917 484 1976 sic
506 1919 635 1976 obscuro
657 1916 816 1974 confundit
837 1917 949 2012 lumine
972 1913 1079 1992 vulgus

345 2002 527 2062 Incumbens
550 2003 683 2060 tenebris
705 2001 828 2060 excluso
849 2001 940 2060 Delie
959 2001 1061 2072 fratre,

345 2088 389 2148 Ut
408 2107 487 2146 nunc
506 2089 623 2164 sopitas
648 2087 790 2145 decorum
813 2086 947 2146 studiosa
969 2086 1120 2156 iuventus,

344 2174 386 2233 Iit
403 2173 487 2231 velut
506 2173 603 2231 eletas
627 2171 659 2228 in
677 2171 776 2247 Lipsii
796 2171 903 2229 funere
924 2171 1008 2247 luget

344 2258 464 2336 Ingenii
482 2274 566 2316 rarus
589 2257 707 2335 magnis
730 2275 796 2315 cum
817 2257 939 2315 dotibus
959 2261 1050 2314 artes.

345 2342 408 2404 Sed
429 2362 484 2403 sua
508 2341 563 2403 Sol
586 2351 716 2417 reparet,
736 2350 857 2418 reparat
879 2341 1038 2417 dispendis
1058 2337 1203 2400 Phoebe:

343 2428 435 2486 Illum
455 2435 519 2486 tutu
539 2429 626 2504 quies
651 2428 792 2486 reducem
813 2447 876 2486 non
893 2433 1013 2485 asseret
1030 2424 1103 2483 orbi.

346 2511 419 2572 Sola
437 2512 493 2571 viri
515 2521 629 2572 tuntum
652 2531 714 2572 uon
732 2532 793 2571 uua
815 2521 899 2589 parte
917 2518 1070 2589 superstes

344 2597 429 2655 Vivit
450 2598 528 2656 etin
551 2600 672 2674 scriptis
691 2600 829 2657 absentis
852 2598 945 2673 spiret
964 2596 1065 2672 imago

344 2682 533 2757 Expressam
551 2684 687 2743 referens
708 2684 851 2759 speciem,
872 2682 990 2756 vivique
1010 2680 1151 2738 colorem.

344 2766 444 2840 thue
464 2775 581 2841 patrum
604 2768 720 2827 similes
743 2769 842 2827 vultus
864 2768 895 2825 in
920 2765 1005 2842 prole
1026 2764 1178 2835 reluceut3

303 2916 305 2924 ¹
346 2850 399 2911 Sic
422 2851 515 2908 animi
533 2852 641 2911 niveos
664 2854 782 2912 effinxit
800 2854 912 2931 pagine
933 2868 1042 2909 mores.

344 2935 426 2995 Nam
449 2955 525 3011 quae
548 2953 655 3012 corpus
672 2938 759 2995 iners
780 2940 877 2999 bustis
902 2936 1046 2995 feralibus
1069 2934 1171 3007 infert,

345 3022 500 3080 Temenos
523 3022 620 3080 oculis
638 3030 753 3079 tuntum
774 3042 855 3083 mors
874 3022 989 3081 iuvidst
1010 3027 1103 3079 artus.
1143 3046 1144 3053 ¹

344 3110 386 3167 At
402 3124 478 3186 ‘pers
497 3105 629 3174 nobilior
650 3108 729 3165 nutis
754 3108 785 3165 in
807 3108 931 3167 saecula
950 3106 1033 3163 mille

344 3192 500 3252 Asseritur
519 3190 618 3263 libris,
639 3210 791 3267 parvaque
812 3194 844 3251 iu
867 3193 998 3269 imagine
1020 3189 1102 3248 vivit.

345 3276 413 3351 Quo
435 3277 542 3355 mugit,
564 3294 584 3334 o
605 3276 703 3352 lipsi,
729 3278 788 3336 sibi
810 3288 840 3336 te
858 3298 921 3336 non
944 3276 1045 3333 credet
1065 3275 1217 3331 edemtum

344 3361 526 3435 Posterites,
550 3380 617 3419 cum
638 3369 668 3419 te
690 3381 743 3437 per
763 3371 806 3421 tet
824 3363 1011 3428 monimenta
1030 3360 1193 3437 vigentem,

344 3445 464 3522 Perque
481 3455 527 3507 tct
545 3446 655 3522 eloquii
674 3447 774 3507 foetus
798 3448 912 3523 spirare
934 3446 1057 3505 videbit.

344 3529 405 3603 Qui
423 3533 564 3606 quonium
585 3533 709 3604 multos,
738 3552 815 3607 quos
836 3533 1048 3590 immoderatus
1071 3528 1173 3606 adegit

344 3613 504 3676 Scribendi
523 3618 637 3690 fervor,
660 3618 817 3692 laudisque
841 3616 937 3675 effuse
960 3615 1081 3694 cupido,

345 3700 468 3760 Viribus
488 3702 601 3778 ingenii
620 3721 756 3779 superes,
776 3720 930 3780 regnoque
948 3701 1102 3777 loquendi,

343 3785 459 3846 Iccircc
479 3786 627 3862 quaedam
645 3788 788 3849 caelestis
811 3788 940 3866 pignore
963 3786 1072 3846 mentis
