2884 4650
612 533 653 591 89

560 619 709 628 ι-..--

178 697 322 759 Carmine
344 699 502 775 placantes
526 701 612 775 pueri
633 701 714 776 quod
734 701 856 758 duceret
876 717 975 774 aures,

176 786 218 843 Et
240 803 369 861 puerum
389 802 517 842 somnos
539 785 657 860 placide
679 783 820 844 suaderet
841 785 926 844 inire.

178 868 334 939 Carmine,
354 869 436 943 quod
458 878 564 928 sancto
588 869 746 945 Sapientia
765 869 891 943 protulit
914 888 977 944 ore,

179 953 295 1015 Omnia
316 952 491 1014 Socraticae
512 962 653 1032 retegens
674 972 786 1013 arcam
805 963 955 1026 senectae,

177 1039 345 1098 Imbiberet
362 1039 476 1097 teneris
499 1039 581 1113 quod
602 1041 720 1099 mustea
738 1039 879 1110 sensibus
903 1048 998 1112 aetas,

178 1128 280 1198 Atque
299 1123 452 1199 impressa
474 1124 533 1182 sibi
553 1143 653 1182 rerum
676 1123 839 1183 simulacra
859 1132 976 1184 teneret

179 1209 358 1280 Insinuaus,
377 1209 514 1282 udaeque
533 1209 646 1268 docens
667 1209 838 1268 inolescere
861 1211 964 1282 monti,

180 1292 290 1355 Servat
310 1293 348 1350 ab
369 1293 513 1369 imposito
533 1295 649 1354 formas
671 1303 705 1351 ut
725 1313 794 1352 cera
817 1293 929 1370 sigillo.

179 1379 256 1437 Inde
274 1395 352 1454 puer
371 1376 506 1454 Sophiae
527 1397 603 1452 quas
624 1399 686 1438 nox
705 1378 807 1453 sopita
826 1379 938 1456 figuras

179 1463 338 1534 Intulerat,
358 1463 490 1540 vigilans
513 1465 648 1541 agitabat
669 1473 770 1522 mente
792 1464 907 1523 diurna.

181 1548 221 1606 nt
242 1546 324 1622 quod
345 1547 397 1605 vix
418 1548 543 1608 senibus
568 1549 634 1607 duri
654 1550 786 1607 tribuere
805 1548 939 1622 labores,

181 1632 296 1691 Infanti
314 1631 371 1689 fuit
391 1633 451 1692 hoc
471 1634 598 1710 puerilis
620 1635 730 1692 ducere
750 1634 846 1692 lusus.
922 1643 924 1650 '

181 1717 314 1776 Vixdum
331 1717 477 1776 firmabas·
498 1719 601 1777 stabili
619 1717 749 1796 vestigia
769 1735 887 1796 gressu,

182 1802 314 1861 Ludicra
331 1801 416 1860 nulla
436 1803 503 1875 tibi,
522 1823 585 1862 non
605 1823 685 1862 vana
705 1803 868 1879 crepundia
887 1804 981 1874 cordi,

182 1886 255 1946 Non
274 1888 387 1964 ignava
406 1889 503 1963 quies,
526 1907 588 1947 uon
614 1890 727 1949 desidis
751 1889 815 1948 otia
835 1888 909 1959 ludi,

184 1971 244 2033 Sed
256 1974 372 2030 Musae
394 1980 501 2032 tenues
518 1973 668 2054 Pelignae
687 1974 787 2050 gentis
809 1973 960 2042 alumnae,

184 2056 244 2118 Sed
265 2064 379 2116 teretes
401 2055 531 2117 Calabro
552 2059 698 2118 modulati
720 2057 840 2134 pectine
863 2065 979 2126 cantus,

182 2146 279 2215 Atque
298 2143 446 2201 Maroneo
467 2144 634 2220 gaudentes
656 2163 726 2201 rure
744 2127 905 2202 Camenae.

182 2227 256 2284 Inde
278 2227 331 2284 ubi
353 2228 519 2287 succedens
543 2229 631 2288 annis
652 2228 825 2296 labentibus
849 2236 953 2286 aetas*

184 2310 340 2372 crescenti
361 2313 513 2391 geminum
537 2314 710 2391 properavit
733 2313 873 2371 claudere
892 2312 1029 2381 lustrum,

182 2396 255 2457 Nou
276 2398 333 2456 tibi
355 2406 490 2457 cassatas
511 2400 645 2457 traduxit
663 2400 773 2458 inertia
793 2399 887 2457 luces.

184 2481 244 2543 Sed
266 2502 344 2557 quae
365 2483 446 2541 trina
466 2491 535 2542 tuas
557 2485 685 2543 metavit
703 2482 810 2543 Gratia
831 2500 936 2553 cunas,

122 2626 125 2634 ,
182 2569 222 2626 Et
241 2567 298 2626 tibi
319 2568 454 2627 culturae
475 2571 593 2645 primos
614 2569 731 2627 afflavit
752 2569 874 2640 odores,

183 2652 269 2711 Haec
292 2660 324 2710 te
344 2653 571 2712 informandum
593 2653 702 2715 studiis
724 2654 848 2725 curarit,
864 2659 901 2709 ¹et
922 2652 1003 2727 ipsa'

184 2738 348 2811 Tradente,
373 2737 527 2814 excipiunt
544 2740 681 2817 insignes
702 2746 768 2796 arte
789 2737 935 2815 magistri,

96 2842 99 2848 ’
183 2823 270 2899 Quos
291 2831 346 2880 tua
365 2842 453 2883 mens
472 2824 591 2896 docilis,
616 2842 743 2898 ceraque
768 2822 927 2899 sequacior
949 2824 1031 2881 omui

182 2907 394 2981 Praevertens‚
413 2928 512 2968 anuos
531 2910 623 2986 longe
645 2917 719 2986 post
743 2916 828 2986 terga
849 2907 979 2983 reliquit.

183 2992 292 3070 Qualis
309 3001 478 3068 naturaque
497 2995 568 3067 soli,
591 2995 729 3069 coelique
752 2994 868 3066 favore,

181 3078 310 3137 Enitens
333 3078 396 3135 alte
419 3079 513 3137 ramis
533 3098 567 3137 se
592 3080 713 3138 subiicit
734 3080 842 3138 arbos:

183 3163 268 3221 Talis
291 3162 397 3220 adulta
415 3164 471 3222 tibi
489 3165 588 3222 maior
606 3165 750 3241 surgebat
771 3164 802 3221 in
821 3164 913 3223 horas

183 3247 237 3307 Vis
260 3248 366 3321 animi,
389 3266 530 3307 macene
553 3249 679 3309 occultis
702 3248 841 3307 auctibus
864 3247 941 3305 aevi.

182 3331 249 3391 Nec
273 3350 373 3406 mora,
394 3333 540 3392 fecundas
560 3334 714 3410 depromis
736 3341 860 3411 pectore
878 3333 976 3399 dotes,

181 3418 329 3476 Enetum
348 3418 433 3475 tenui
452 3419 604 3478 deducens
625 3419 746 3496 pumice
759 3436 891 3487 carmen,

183 3500 273 3576 Quod
293 3522 359 3561 non
381 3503 544 3580 so[l]licito
565 3504 717 3563 cruciabat
735 3504 809 3561 lima
825 3501 942 3570 labore,
1015 3558 1017 3565 ,

183 3584 245 3647 Sed
266 3588 351 3662 quod
369 3596 481 3665 sponte
504 3606 561 3647 sua
581 3590 725 3667 proprios
745 3585 886 3646 veniebat
909 3584 949 3641 ad
970 3590 1064 3655 artus,

181 3671 275 3731 Forte
296 3692 385 3750 epos,
408 3682 438 3731 et
456 3673 565 3733 molles
586 3675 712 3752 Elegos‚
735 3688 937 3746 numerosque
954 3666 1076 3740 Catulli,

183 3757 221 3816 lit
241 3757 353 3817 Parios
375 3767 479 3817 natum
500 3760 635 3819 sermoni
652 3774 774 3817 carmen
795 3757 919 3817 lambos
