2884 4650
692 531 841 624 „⁸⁶2-

312 702 491 761 Perdiderat
508 698 569 755 iam
591 717 662 758 cura
682 707 805 758 metum.
828 699 915 774 quasi
936 701 1074 777 nuspiam
1098 703 1225 762 haberet

311 789 349 846 In
369 785 460 846 nobis
484 801 563 842 nova
583 784 674 861 plaga
694 784 806 855 locum,
832 803 937 843 secura
958 788 1096 863 gemebat

311 873 472 944 Anxietas,
493 867 562 927 dum
584 887 670 928 mens
697 870 831 945 requiem
853 869 912 929 sibi
933 871 1053 929 credule
1070 873 1167 950 lingit,

312 955 515 1031 Solamenque
534 955 616 1027 mali,
640 961 739 1013 certos
759 953 901 1014 habuisse
923 954 1057 1029 dolores,

310 1042 378 1101 Nec
396 1059 519 1118 sperare
540 1057 649 1111 novos,
670 1039 768 1097 donee
789 1039 837 1098 vis
855 1039 958 1097 invida
979 1040 1032 1099 fati

312 1127 457 1191 (lucarum
477 1125 570 1183 finem
590 1140 661 1181 cura
680 1123 755 1180 mihi
773 1123 845 1181 feeit
862 1125 896 1182 in
918 1143 987 1198 una,

312 1213 412 1289 Quum
432 1213 543 1269 lectum
562 1208 712 1281 iuvenem,
734 1208 857 1266 vixdum
877 1210 1058 1285 pubentibus
1081 1213 1170 1270 annis

310 1291 396 1358 Mors
418 1294 527 1370 rapuit,
549 1313 610 1352 non
632 1292 686 1351 illa
711 1293 803 1352 decus
825 1293 1018 1353 lacrimabilis
1040 1295 1116 1368 aevi,

311 1381 379 1441 Nec
398 1382 495 1440 cultae
518 1377 626 1436 studiis
650 1379 782 1455 speciem
804 1378 947 1438 miserata
966 1380 1114 1438 iuventae.

312 1468 339 1528 O
363 1485 434 1542 spes
456 1461 646 1541 praecipites,
669 1463 819 1523 olubrica
839 1471 911 1522 vota
931 1473 1096 1540 parentum,

313 1551 400 1627 Quos
421 1547 555 1608 tirocinii
576 1567 631 1624 pro
650 1548 734 1606 mille
755 1548 912 1608 laboribus
935 1549 1063 1621 haustiS,

312 1636 395 1697 Olim
417 1633 500 1692 mille
520 1640 643 1691 manent
660 1634 803 1698 orbomm
826 1633 958 1709 praemia
978 1634 1086 1692 luctus.

310 1720 385 1780 Flos
407 1715 564 1790 Iuvenum,
586 1737 662 1792 quae
687 1737 755 1778 sors
777 1719 915 1777 humenis
936 1719 1026 1778 rebus
1050 1719 1153 1795 iniqua

312 1806 357 1864 Te
377 1805 467 1864 nobis
482 1804 570 1880 rapit,
593 1810 624 1860 et
643 1811 758 1861 tentum
781 1804 872 1862 decus
893 1803 1006 1862 invidet
1027 1805 1115 1863 orbi?

311 1891 410 1966 Quem
431 1889 491 1946 iam
513 1887 635 1948 sublimi
655 1887 810 1965 Sapientia
831 1888 904 1947 sede
926 1888 1042 1947 locarat

309 1976 527 2053 Praegressnm
545 1975 622 2032 lines
642 1993 754 2046 rerum,
774 1981 928 2047 metasque
950 1981 1113 2046 tenentem,

311 2061 394 2136 Quas
413 2059 500 2136 pauci
517 2066 642 2116 tenuere
664 2077 766 2118 senes.
788 2060 838 2133 qui
858 2058 964 2115 limina
985 2059 1082 2117 vietor

310 2147 414 2206 Ardua
434 2143 488 2202 vix
510 2143 565 2203 ulli
586 2143 665 2202 votis
688 2144 826 2202 adeunda
846 2143 979 2218 priorum

311 2229 501 2307 Contigeras,
520 2228 591 2286 inde
610 2227 770 2303 incipiens,
794 2247 853 2302 quo
874 2229 972 2286 serior
992 2235 1075 2287 aetas

309 2314 446 2375 Desinit:
465 2313 537 2371 inde
560 2312 632 2390 vigil
652 2313 787 2373 discendi
808 2312 1051 2389 exordia-prims

310 2401 490 2472 Instituens,
508 2399 560 2457 ubi
580 2398 650 2457 finis
673 2406 746 2459 erat.
770 2398 883 2457 Verum
904 2400 994 2475 ignea
1016 2417 1135 2474 semper

310 2484 366 2543 Vis
388 2484 482 2542 animi
500 2484 670 2559 hospitium,
685 2484 800 2543 terreni
818 2484 954 2559 corporis
976 2483 1049 2556 odit,

311 2572 525 2645 Angustasque
550 2588 652 2629 moras
673 2569 768 2628 virtus
790 2569 922 2645 perfecta
940 2575 1087 2645 gravetur.

310 2652 400 2728 Quod
414 2671 562 2711 summum
571 2661 628 2727 est,
639 2655 670 2712 in
684 2655 840 2730 praecipiti
853 2660 974 2725 est,nec
986 2654 1222 2728 temporefinem

310 2738 489 2813 Exspectat,
511 2738 609 2813 primo
630 2741 712 2813 quod
734 2741 793 2797 iem
815 2740 958 2797 maturuit
980 2757 1066 2797 aevo.

308 2823 372 2881 Vix
394 2822 451 2879 tibi
472 2821 569 2897 prima
591 2841 685 2900 genas
704 2825 861 2882 umbrabat
881 2823 956 2880 flore
977 2824 1110 2894 iuventa,

309 2906 463 2980 Sertaque
483 2924 654 2981 supremum
673 2908 830 2967 claudebat
852 2906 1010 2984 Olympias
1034 2926 1156 2980 annum,

310 2992 421 3069 Quum,
441 2991 524 3047 velut
544 2992 582 3049 ad
603 2992 718 3067 primos
745 2993 887 3068 expirans
910 2994 1003 3051 herba
1025 2992 1154 3065 calores,

308 3076 435 3149 Deficis,
457 3082 487 3132 et
507 3075 624 3133 caelum
646 3082 862 3153 praeceptaque
882 3079 981 3137 sidera
1002 3085 1103 3138 mente

307 3162 450 3222 Festinus
471 3160 594 3235 repetis,
615 3163 717 3220 turbas
741 3171 882 3223 assuetus
904 3165 940 3221 ab
963 3162 1024 3222 alto

308 3246 474 3324 Despicere
492 3246 648 3319 humanas,
672 3244 774 3321 proles
797 3267 859 3305 uon
878 3266 955 3306 vana
974 3247 1108 3323 par‘entis

308 3331 494 3404 Dousiadee,
516 3331 568 3412 qui
590 3330 617 3389 si
637 3330 751 3407 proprii
767 3332 942 3407 splendoris
967 3338 1080 3408 egeret,

309 3415 509 3493 splendorem
530 3416 628 3492 potuit
649 3416 711 3473 nati
733 3416 841 3481 virtute
863 3417 980 3475 mereri.

307 3505 354 3560 Ac
376 3502 512 3575 quamvis
532 3502 645 3578 patriae
665 3499 792 3573 meritis,
810 3501 987 3578 generisque
1006 3502 1104 3560 nitore

309 3584 416 3645 Clarus
440 3583 521 3645 eras}
546 3594 646 3645 tamen
669 3586 823 3663 ingenium
845 3586 1044 3660 superemicet
1065 3604 1155 3645 omne

308 3670 432 3730 Altricis
452 3677 549 3729 terrae
571 3673 722 3744 meritum,
742 3687 838 3748 genus
862 3688 952 3729 omne
970 3679 1129 3730 vetustum.

307 3754 376 3815 Nec
394 3754 507 3833 patriae
530 3756 670 3833 stirpisve
691 3756 787 3834 premi
810 3755 954 3833 gravitate
975 3756 1096 3815 sinebas
