2884 4650
765 538 827 599 380

719 626 872 644 7.—

339 712 438 769 Mnter
459 708 659 785 coeligendm,
681 715 778 767 motor
796 707 971 768 mortalium
993 708 1175 769 homonum:

338 795 387 855 Ex
406 801 436 851 te
454 794 566 851 etenim
590 793 707 866 Tellus,
729 794 879 868 sedesque
899 792 1068 867 nuperrima
1093 790 1219 865 coelus,

338 880 378 939 Et
397 898 480 937 mare
501 878 627 951 salsum,
650 898 803 955 auraeque
826 896 964 949 erroneo,
987 877 1178 939 oeriiormis:

339 962 440 1037 Quare
466 964 516 1021 dia
538 964 621 1023 edsio
642 966 700 1022 hue
723 982 834 1041 sospes
854 962 977 1021 numine
1002 962 1098 1035 claro,

338 1049 452 1108 Pacem
475 1049 643 1126 producens
663 1068 729 1106 eum
751 1068 851 1106 rernm
871 1047 961 1123 eopia
982 1048 1096 1122 opimo,

340 1130 461 1194 Eminn’
485 1134 641 1210 protelans
664 1141 830 1210 pestesque
852 1132 1032 1208 piaculoque
1052 1141 1128 1191 ntra.

345 1303 382 1361 tl
600 1304 680 1359 Ionio
700 1302 843 1375 suffimen,
862 1311 990 1359 oturooo.

342 1389 369 1449 O
394 1386 564 1447 venerande
587 1386 682 1458 Iovis,
704 1381 778 1443 Iovi’
799 1386 993 1462 sempiterne,
1014 1386 1071 1443 tibi
1092 1386 1152 1445 ista

342 1476 517 1532 Averrnnoa
537 1470 643 1529 damus
663 1490 733 1543 nos,
757 1471 967 1545 adtestataque
989 1479 1070 1529 voto.

341 1559 370 1619 0
394 1557 478 1616 Iovis
502 1556 620 1614 isthaec
642 1564 751 1614 cuneta
771 1565 821 1614 tuo
844 1564 915 1615 sunt
935 1556 1059 1614 numine
1083 1565 1175 1615 oreta.

341 1643 438 1701 Terra
459 1649 586 1714 tuaest,
608 1641 783 1715 Terraeque
802 1641 948 1699 immania
969 1641 1102 1698 eulmina
1122 1652 1256 1716 montes,

340 1728 380 1786 Et
400 1744 494 1799 mare,
516 1738 659 1802 quaeque
673 1726 754 1784 fretu
772 1728 857 1785 aerio
879 1727 997 1785 eortina
1017 1734 1152 1802 recepta.

333 1812 543 1888 induperans,
568 1807 733 1884 Saturniu',
752 1812 898 1888 Iuppiter,
917 1811 1045 1883 Elioius,
1067 1810 1165 1885 Trux,

341 1898 566 1975 Omnigenens,
601 1904 692 1971 atque
726 1898 861 1955 omnium
897 1896 1094 1973 principium,
1131 1898 1256 1958 exitium

951 2001 1094 2039 ommum.

340 2066 527 2143 Fulgetrum,
549 2066 673 2138 tonitru,
696 2064 807 2142 fulgur,
829 2062 905 2124 Iovi'
928 2073 1165 2144 progenerator5

339 2151 421 2211 Audi
439 2170 487 2208 me
509 2151 665 2222 Volturno,
690 2158 719 2208 et
740 2151 780 2207 do
801 2147 949 2227 usurpare
967 2151 1109 2224 salutem,
1181 2216 1187 2219 ,

340 2236 381 2294 Et
400 2255 505 2312 paoem
528 2236 618 2309 diam,
641 2244 670 2293 et
687 2237 770 2294 bona
794 2231 908 2295 adoreo
929 2237 1111 2296 divitiarum.
1194 2246 1197 2250 '

345 2405 382 2463 15
578 2409 699 2465 Iunonis
721 2406 861 2480 suffimen,
885 2417 1027 2464 aromata.

342 2489 501 2550 Caeruleis
523 2492 631 2549 innixa
653 2489 801 2550 sedilibus
821 2490 1004 2563 aeriformis,

342 2575 370 2635 Ο
393 2576 471 2635 Iuno
492 2578 608 2654 regina,
627 2575 711 2634 Iovis
737 2575 889 2634 ditissima
910 2577 1034 2647 coniux,

343 2659 431 2735 Quae
450 2662 589 2720 mortalia
612 2662 705 2720 eorde
725 2680 819 2738 vegos
843 2660 1025 2720 animalibus
1048 2661 1141 2721 auris.

342 2743 521 2804 Nimborum
543 2754 650 2820 mater,
674 2756 892 2821 ventorumque
912 2746 1161 2824 omnigenitrix„

341 2828 423 2889 Nam
447 2833 513 2889 sine
535 2841 565 2889 te
585 2853 648 2892 non
671 2840 718 2890 est
739 2831 820 2890 vitae
843 2832 998 2908 spirabilis
1022 2831 1129 2892 ardor:

343 2915 486 2975 Omnibu’
507 2917 675 2994 participas
695 2917 835 2977 immissa
859 2912 1024 2993 potentibn'
1049 2918 1143 2992 aurit,

343 3000 456 3061 Omnia
478 3001 544 3058 sola
565 3009 663 3075 tenes,
687 3010 778 3077 atque
801 3003 941 3061 omnibns
959 3002 1073 3060 incluto
1093 3023 1215 3082 regnes.

340 3087 425 3146 Aeri’
444 3087 648 3162 praecipitans
668 3088 799 3146 stridore
819 3088 934 3146 fluonia
955 3088 1043 3146 Iuno.

342 3171 405 3232 Sed
426 3179 455 3229 te
477 3172 559 3231 Diva
579 3189 690 3247 parens
713 3174 862 3245 obtestor,
883 3174 1010 3245 adorea,
1030 3173 1123 3247 Maio,

341 3256 411 3315 Huc
431 3258 524 3316 sodes
547 3257 652 3316 venias
674 3257 749 3314 volti
770 3258 889 3316 ridente
910 3259 1022 3335 lepore.

347 3425 385 3484 16
578 3428 711 3504 Neptuni
735 3428 877 3501 suffimen,
901 3448 1009 3488 murro,

342 3511 423 3569 Audi
442 3508 597 3586 Neptune,
620 3512 826 3584 Ambarvalia,
849 3511 1054 3591 Snlsieapille,

343 3594 1257 3674 Troesnle,fnsoinamhabenomanibnoNeptunetridentem:

344 3679 474 3742 Caerulo
494 3683 711 3743 concelebrans
735 3684 813 3742 vesti
834 3683 1012 3742 fundamina
1031 3682 1132 3754 Ponti,

343 3765 436 3827 Ponti
456 3774 588 3840 praetor,
611 3769 798 3847 eqnigrnme,
820 3787 921 3844 crepe,
943 3767 1137 3844 Terripreme
1160 3786 1241 3840 noer,
