2884 4650
785 568 825 630 ts

347 733 429 793 Nam
452 735 584 807 sintne,
607 735 732 809 ciccum,
753 755 809 794 nec
831 755 881 808 ne,
902 758 961 796 non
981 739 1142 796 interduim
1165 769 1205 780 -

346 819 397 877 Illi
418 819 519 896 igiter,
540 820 673 894 inquam,
693 839 748 878 111
768 821 892 893 Poetae,
915 823 979 880 1111
1002 843 1072 897 non,

348 902 430 965 Satis
453 905 610 964 modorum
635 905 808 982 diligentes,
831 915 963 964 ceterum

348 987 523 1050 Sermonem
542 990 645 1066 iniquo
665 991 820 1066 pensitant
841 993 990 1050 examine.
1063 1030 1066 1035 <

346 1075 548 1150 Lasciviaque
567 1095 629 1133 non
652 1075 787 1146 ferenda,
809 1077 905 1134 nescii

348 1161 418 1236 Qua
438 1161 531 1237 prisci
554 1159 678 1217 honoris
699 1168 786 1234 parte
808 1170 945 1218 servetur
965 1169 1065 1234 tenor,
1101 1170 1105 1192 ¹

348 1243 434 1304 Graii
455 1244 591 1302 cothurni
613 1243 755 1316 nobilem,
776 1252 884 1318 catam,
909 1265 1043 1322 gravem,

348 1330 454 1388 Tubae
478 1329 574 1386 virilis
595 1329 760 1386 intonatam
780 1329 962 1402 iacentibus,

346 1413 459 1473 Nervis
476 1413 608 1470 adultam
632 1422 660 1470 et
681 1415 797 1471 viribus
819 1413 1024 1492 Tragoediam

346 1499 553 1558 Deartuarunt
572 1516 644 1556 voce
665 1499 818 1575 languifici
839 1501 906 1558 soni

348 1583 503 1643 Orationis
528 1602 661 1659 nuperae
682 1583 826 1657 novitiae,

348 1667 424 1728 Stilo
446 1668 579 1742 pedestri
602 1677 632 1724 ct
652 1668 806 1726 femininis
828 1667 957 1725 naeniis.

346 1753 574 1812 Homunciones
596 1753 652 1809 hoc
672 1753 824 1812 1111111111
842 1760 873 1810 11
893 1752 952 1809 cati

348 1837 414 1898 Sibi
436 1838 585 1909 videntur,
608 1838 663 1894 hoc
687 1838 769 1895 beati
791 1856 826 1894 ac
848 1838 969 1908 divites,

347 1921 527 1997 Suadaeque
548 1923 662 1980 alumni
682 1931 712 1982 et
735 1922 859 1981 Venerii
883 1921 1034 1999 nepotuli:

345 2009 492 2082 Adeoque
514 2008 646 2084 positum
669 2008 718 2066 vel
739 2008 798 2066 sibi
818 2008 850 2065 in
872 2007 971 2066 medio
994 2012 1103 2083 putant

346 2094 520 2152 Tractanda
542 2094 573 2150 in
596 2101 659 2150 arte
681 2093 799 2150 Musica
819 2092 1009 2168 palmarium.

390 2183 430 2237 At
444 2178 616 2237 Gratiarum
636 2185 741 2252 pectus
761 2178 945 2250 abstrusum,
963 2177 1107 2252 optimus,

345 2263 444 2321 Docte
466 2262 631 2339 expolitus,
650 2270 741 2337 atque
762 2261 928 2320 liberaliter

345 2350 515 2407 instructus
539 2348 620 2405 omni
641 2347 797 2405 literarum
821 2347 917 2423 copia,

345 2433 444 2491 Poeta
466 2441 571 2491 noster
592 2434 670 2491 inter
693 2434 751 2492 hos
773 2432 905 2490 medium
923 2432 1003 2489 ferit.

345 2518 490 2576 Veterum
513 2538 611 2593 neque
633 2519 679 2576 illi
701 2519 814 2596 ignava
834 2517 1021 2595 negligentia

345 2603 462 2675 Placet,
482 2612 534 2661 aut
554 2624 697 2662 novorum
719 2606 848 2663 obscura
870 2603 1036 2679 diligentia.

345 2688 467 2746 Florem
489 2688 603 2764 leporis
626 2688 776 2761 scaenici,
798 2697 888 2762 atque
908 2688 1055 2758 Musicae,

345 2772 482 2846 Utroque
505 2774 638 2832 numeris
660 2774 842 2849 temperavit
864 2780 895 2830 11
915 2772 995 2843 stilo,

348 2857 464 2915 Priscis
489 2856 596 2917 Poetis
619 2859 756 2928 comtior,
779 2858 887 2915 melior
905 2857 1003 2915 novis.

388 2940 478 2999 Nunc
497 2960 565 3018 ego,
588 2943 659 3016 quid
672 2942 790 3012 adsum,
807 2960 935 3016 quamve
950 2961 1014 2999 rem
1027 2939 1108 3011 veni,
1123 2936 1261 3012 eloquar.

346 3028 459 3087 Favete
480 3026 592 3103 linguis
616 3046 682 3098 vos,
705 3034 735 3084 et
755 3027 887 3085 animum
910 3026 1068 3085 advortite.

346 3112 494 3171 Desmota
516 3110 634 3170 Graeca
657 3119 704 3169 est
724 3112 877 3188 Aeschylo
899 3111 1085 3189 Tragoedia3

245 3216 249 3223 ’
347 3198 446 3256 Poeta
465 3205 567 3255 noster
590 3197 679 3253 vertit
700 3196 785 3253 illam
802 3198 944 3255 barbare:

346 3283 495 3356 Illamque
515 3282 647 3359 opimam
670 3290 700 3337 et
717 3284 841 3339 uberem
861 3281 1032 3340 facundiam

347 3368 387 3425 Ilt
409 3368 570 3443 scriptione
592 3375 639 3425 est
660 3375 819 3425 assecutus
843 3375 874 3423 et
896 3366 983 3425 stilo:

348 3452 389 3511 Ut
410 3472 449 3511 nc
471 3454 543 3529 quid
565 3452 640 3510 inibi
662 3452 764 3528 possit
784 3452 948 3510 invenirier

347 3538 459 3595 Errore
482 3539 639 3611 omissum,
661 3536 726 3595 1111
747 3534 983 3613 perperitudine.

347 3622 437 3680 Hanc
457 3641 528 3700 ergo
547 3624 631 3682 vobis
650 3620 784 3681 fabulam
805 3640 821 3678 e
843 3629 944 3678 vetere
966 3638 1076 3678 novam

348 3708 492 3785 Adporto.
513 3715 628 3767 tantum
651 3716 706 3767 111.
729 3725 784 3766 101
806 3705 906 3764 valete
927 3713 957 3761 et
978 3704 1079 3763 vivite.
