2884 4650
570 579 721 674 jo*

189 748 253 810 Sed
273 749 349 806 oomi
368 767 428 806 non
450 748 498 806 ias
524 749 633 809 alienis
655 750 786 810 uultibus
810 751 925 827 illud[,]

232 833 322 910 Quod
347 833 436 892 oomit
456 832 561 895 Pietas
586 834 715 893 uultibus
728 836 809 912 ¹ipsa
826 838 902 896 suis.
1008 899 1013 908 ,

365 1002 413 1060 19.
456 1005 494 1060 In
514 1004 636 1078 Elegiae
661 1003 795 1060 Danielis
814 1004 938 1063 Heinsii.

186 1085 282 1146 Peste
304 1087 517 1162 sophistarum,
543 1088 675 1162 seolique
698 1087 802 1146 afflato
821 1107 952 1164 veneno,

229 1172 386 1246 Pieridum
408 1172 538 1234 invisam
561 1173 648 1230 turba
665 1171 792 1248 reliquit
811 1173 944 1234 humum.

186 1257 228 1315 Et
248 1258 305 1315 tibi
323 1265 411 1334 grata
428 1265 529 1318 tomen
555 1258 672 1333 ooeptis
691 1249 874 1331 'aud-aoibus,
897 1260 1020 1334 Heinsi,

230 1342 267 1402 In
290 1343 391 1406 media
410 1351 536 1420 surgunt
554 1343 688 1402 earmina
706 1343 862 1402 barbaria:

188 1427 286 1502 Queis
311 1447 367 1486 sua
386 1435 555 1504 postponat
571 1447 660 1502 quem
682 1428 808 1504 protulit
828 1429 956 1489 Umbria
974 1441 1076 1492 vates:

230 1513 271 1570 Et
292 1531 370 1587 quae
390 1512 535 1590 Pelignus
558 1513 675 1598 dixerit,
692 1531 764 1572 esse
786 1532 858 1572 sua:

187 1597 259 1658 Non
283 1597 358 1656 secli
379 1597 453 1658 vitio
476 1599 592 1674 primos
615 1599 762 1658 moritura
782 1599 838 1656 sub
862 1608 957 1673 ortus,

231 1680 294 1742 Sed
313 1683 416 1743 doctas
435 1683 515 1742 inter
533 1684 633 1742 vivere
655 1690 737 1742 certa
759 1699 878 1742 manus.

189 1767 311 1828 Grutior
330 1775 364 1824 ut
382 1787 511 1842 namque
532 1775 579 1826 est
600 1787 690 1843 quam
703 1787 782 1844 quas
793 1788 847 1826 ver
861 1769 969 1841 educat
982 1771 1104 1844 almum,

232 1853 320 1928 Quae
338 1853 438 1912 medio
462 1852 594 1910 Brumae
613 1853 712 1912 sidere
732 1861 807 1911 nata
827 1873 898 1912 rosa
917 1862 977 1913 est:

190 1936 242 1999 Sie
264 1939 363 2014 magis
385 1939 433 1996 hio
453 1939 566 2010 foetus,
589 1955 678 2012 quam
699 1956 774 2014 quos
796 1946 884 1996 vetus
903 1939 997 1999 edidit
1008 1947 1105 2012 aetas,

230 2023 383 2082 Virtutum
407 2025 462 2080 hoo
485 2023 581 2082 sterili
600 2031 735 2100 tempore
759 2029 864 2098 gratus
887 2023 952 2082 erit.

350 2191 400 2250 20.
441 2194 479 2248 Io
499 2192 638 2248 Poemeto
658 2193 806 2249 Dominioi
827 2192 949 2249 Boudii.

190 2277 225 2341 Si
247 2295 325 2354 quos
348 2285 396 2337 est
418 2277 500 2349 olim,
521 2276 631 2349 Baudi,
655 2277 764 2335 mirata
784 2283 922 2335 vetustas

231 2364 382 2423 Dulcibus
404 2362 565 2439 implentes
590 2362 679 2421 doota
694 2363 813 2420 theatra
831 2362 941 2434 modis,

188 2450 305 2509 Emissi
326 2448 460 2509 tenebris
483 2455 553 2523 post
572 2448 676 2506 seoula
698 2448 793 2505 multu
815 2454 923 2522 poetae

230 2534 332 2610 Elysii
356 2532 495 2608 linquant
516 2532 628 2591 blanda
650 2533 747 2593 vireta
767 2532 834 2603 soli,

188 2620 369 2697 Ingeniique
389 2619 434 2675 tui
455 2615 558 2677 felicia
579 2618 711 2695 pignora
733 2625 855 2677 sumant

230 2704 362 2776 Versus,
383 2723 466 2779 quos.
482 2702 570 2761 hilari
588 2724 650 2761 non
672 2704 733 2761 nisi
752 2704 850 2761 fronte
867 2702 984 2779 legent:

189 2789 259 2849 Hos
279 2790 357 2847 ratio
373 2790 549 2847 alterutrum
572 2789 702 2865 subiget,
726 2789 775 2846 vel
796 2796 954 2863 utrumque
975 2788 1074 2859 fateri,

232 2873 274 2935 Se
293 2874 438 2935 didicisse
460 2883 541 2945 tuos,
566 2883 596 2931 te
620 2873 763 2933 docuisse
786 2890 870 2932 suos.

410 3042 459 3101 21.
503 3045 543 3101 In
561 3045 631 3101 Ioni
652 3043 773 3099 Doosee
792 3044 885 3100 Eobo.

189 3128 261 3187 Non
281 3128 349 3187 sola
369 3120 522 3189 'Aonidum
544 3126 745 3186 blandissima
765 3128 853 3185 turba
872 3125 1016 3186 Sororum
1082 3190 1091 3198 κ

232 3212 338 3273 Certat
360 3214 398 3270 ad
424 3213 613 3288 obsequium,
638 3212 772 3269 maxime
792 3211 907 3283 Donse,
927 3219 1020 3268 tuum.

189 3300 284 3359 Addit
307 3317 341 3359 se
365 3298 518 3371 comitem,
540 3297 730 3374 trepidisque
752 3296 926 3374 supervenit
943 3293 1041 3363 Eeho,

233 3382 306 3445 Sive
329 3383 405 3441 haee
428 3383 561 3454 ambitio,
583 3400 638 3441 seu
655 3383 779 3459 pietatis
803 3400 891 3458 opus.

191 3466 270 3529 Sola
286 3468 343 3527 tibi
365 3470 518 3545 tacitoque
539 3476 629 3540 tooet,
651 3467 838 3542 loquiturque
856 3462 1005 3537 loquenti,

233 3554 283 3612 Ad
305 3554 420 3613 domini
440 3573 528 3613 voees
551 3561 693 3629 prompta
715 3552 855 3609 ministra
876 3551 934 3622 sui,

189 3638 369 3697 Immortale
391 3640 486 3699 saeris
505 3639 695 3715 respondens
719 3654 840 3694 carmen
866 3635 904 3692 ab
926 3635 1033 3707 antris,

234 3723 323 3800 Quae
347 3742 416 3783 oum.
435 3725 537 3783 Pierio
562 3724 674 3792 struxit
699 3720 809 3797 Apollo
828 3719 933 3781 choro.

190 3807 275 3884 Quid
296 3828 357 3869 uon
380 3810 526 3883 divinum,
547 3809 619 3884 quid
641 3827 700 3865 non
722 3804 875 3866 laudabile
894 3808 975 3866 dieat
