2884 4650
647 527 710 588 243

223 688 274 756 Ἐν
294 695 339 776 τῷ
364 691 486 755 δικάσαι
504 692 537 755 τὸ
558 693 636 778 ταχὺ
657 697 728 771 πᾶν,
751 691 897 755 ὑπαίτιον.

226 776 390 844 Φειδωλδς
411 774 447 837 οὔ
468 798 529 861 τειρ
550 778 693 861 χρηστὸς,
715 774 787 839 ἐσθ’
811 775 895 860 αὑτῷ
915 774 1017 845 κακός.

221 857 275 924 Ἐν
298 863 394 922 τοῖσιν
415 858 543 944 ἀπόροις
562 844 626 923 δστὶ
644 862 823 946 παράβολον
841 860 930 924 πυλί.

225 941 291 1009 Οὐκ
313 943 370 1006 εἶπ’
393 944 530 1029 ὑβρισταὶ
553 946 700 1029 σχετλίων
724 944 877 1028 ἀκληρίαι.

223 1028 387 1092 Σίνυιδ’ὁ
433 1028 523 1112 είρων
548 1030 593 1097 οἷς
616 1032 632 1093 ὁ
653 1030 797 1112 κρείττων
819 1026 917 1111 ἤλιτε.

217 1110 260 1176 Ἡ
282 1112 322 1174 δι’
347 1052 479 1193 εδγέθει)
503 1114 566 1176 ἐστ’
583 1114 779 1177 ἀνεπίδεκτον
801 1114 928 1198 ὕβρεως.

136 1256 138 1261 ,
219 1194 363 1265 Ἀναξίου
388 1196 534 1280 δεόμενος
556 1198 671 1267 ἀδικεῖς
691 1196 843 1279 τυύγενές.

213 1274 374 1349 ’Ἅπαντας
395 1278 506 1366 ἔβλαψ’
532 1283 660 1353 ἀθλίους
680 1282 845 1367 ἀχάριστος
863 1279 917 1348 είς.

222 1362 355 1450 Ἐχθρὸν
379 1367 546 1451 φοβεῖσθαι
565 1368 616 1430 καλ
636 1366 842 1452 χαμαίζηλσν,
867 1368 978 1449 σοφοῦ.

223 1446 314 1512 Τῖσαι
335 1450 385 1511 τὸν
410 1449 521 1534 ἐχθρόν
545 1450 607 1513 ἐστι
629 1451 774 1535 δεύτερος
795 1450 870 1534 βίος.

222 1533 311 1616 Λήθη
333 1535 465 1619 βαρειῶν
487 1534 564 1597 ἐστὶν
588 1536 706 1681 ββρεων
731 1534 814 1602 άκυς.

222 1615 322 1701 Χάριν
347 1618 486 1703 δεομένῳ
506 1620 551 1687 δὶς
574 1619 684 1683 δδωσ’
706 1622 722 1683 ὁ
748 1618 822 1685 δοὺς
838 1616 926 1701 ταχυ.

222 1699 323 1785 Παῦρ’
348 1703 469 1785 ὑστερεῖ
486 1702 602 1785 πένητι,
624 1703 726 1766 πολλὰ
747 1702 871 1786 κίμβικι.

221 1783 382 1869 Μεμνγνότ’
405 1787 490 1870 ἀνδρί
513 1792 571 1855 πᾶς
590 1788 758 1871 μεμηνέναι
780 1788 875 1849 δοκεῖ.

217 1866 384 1939 Ἔνσκευυς
406 1869 498 1933 ένδει’
525 1872 631 1955 ὀλβίου
653 1873 687 1934 τδ
709 1872 906 1956 φιλάργυρον.

221 1952 297 2017 Πυῖ’
317 1955 389 2031 ἐστὶ,
412 1954 555 2038 μάνθαν’,
581 1958 660 2018 ὥστε
684 1957 769 2038 δρᾷν,
788 1953 826 2017 τὰ
844 1953 972 2036 κρήγυα.

223 2038 348 2107 Φθόνυς
368 2041 401 2101 τδ
426 2040 587 2123 βλαβερὸν,
611 2040 648 2102 οδ
670 2040 703 2103 τὸ
725 2039 884 2122 σύμφορον
907 2037 1006 2099 λαλεῖ.
1025 2118 1028 2124 ¹

223 2121 347 2191 Φθάνυς
367 2124 468 2207 λάθρα
492 2124 558 2208 μὲν,
581 2126 739 2207 δυσμενῶς
762 2123 791 2185 δ’
816 2122 977 2206 ὀργίζεται

219 2208 362 2272 Ἀνεκτδν
383 2208 610 2293 εὐψύχυισιν,ἧ
636 2210 749 2291 μάκαρι
766 2206 891 2291 φθόνος.

221 2291 366 2377 Παριδὼν
388 2294 421 2355 τδ
443 2292 643 2378 πλημμέλημ’
669 2292 852 2377 ἁμαρτάνειν
872 2290 979 2359 ποιεῖς·
1078 2331 1081 2338 -

217 2377 341 2442 Ἀκυντ’
367 2377 484 2459 ἐρύκων
508 2378 647 2447 ἐκκαλεῖς
667 2377 787 2447 ἐξιέναι.

220 2458 334 2545 Ὀργὴν
356 2463 509 2546 φυλάττου
530 2461 660 2548 βραχέα,
687 2463 741 2546 τὴν
764 2459 879 2544 ἔχθραν
903 2457 936 2522 δ’
959 2457 1018 2522 ἀεί.
1050 2478 1054 2482 ·

223 2544 454 2629 Χυλυυμένυισι
473 2545 573 2630 τόλμα
595 2549 646 2610 καὶ
689 2547 766 2628 υυλὴ
791 2545 884 2606 δοκεῖ.

223 2629 358 2713 Παῦρων
383 2627 530 2713 δεόμενός
550 2631 639 2708 ἐστιν,
683 2653 696 2699 ς
717 2629 844 2713 παύρων
869 2624 936 2734 ἐρβ.

223 2712 277 2797 Μὴ
304 2713 378 2798 δρᾷν
402 2738 439 2794 τι,
464 2715 571 2798 μίσους
591 2717 670 2780 ὥστε
693 2716 822 2798 πάσχειν
847 2711 874 2774 α’
900 2713 979 2782 αΕια.

223 2798 402 2875 Πίστευσον,
425 2803 467 2867 ὡς
488 2801 527 2882 μὴ
552 2801 685 2883 δυσμενῆ
705 2798 845 2873 κτᾶσθαι,
866 2797 956 2883 ιριλιρ.

223 2881 342 2946 Γένυιτ’
369 2882 404 2946 ἂν
427 2882 517 2946 οὐδὲν
538 2883 609 2965 ἡδὺ,
632 2885 710 2967 πλὴν
732 2884 766 2946 ἐκ
790 2883 970 2966 μεταβολῆς.

222 2965 345 3030 Σαυτυῢ
364 2967 517 3049 κατέγνως
539 2967 642 3030 ἄδικον
667 2967 824 3044 ἀπολύων,
846 2967 941 3050 κριτά.

217 3051 365 3134 ’Άλγησις
387 3050 508 3136 ἐχθρῶν
531 3053 728 3136 ἠδικημένοις
748 3051 830 3121 ἄκος.

224 3132 323 3216 Οὐδὲν
349 3135 467 3219 μέτεστι
487 3137 587 3199 κοινὸν
608 3136 683 3222 αίνῳ
706 3138 757 3200 καὶ
776 3142 888 3244 τρυρῇ.

217 3217 323 3304 Ἔβρει
341 3222 472 3288 παλαιὸς
496 3220 589 3296 αἶνος,
610 3223 646 3306 ἢν
671 3222 711 3305 μὴ
737 3219 806 3289 νέος
824 3244 894 3305 υρρ.

218 3302 345 3372 Ἀδικυς
368 3303 461 3387 νόμον
485 3305 633 3382 δέδοικεν,
661 3307 720 3371 ὁδ’
744 3306 850 3373 ἀθῶυς
871 3303 976 3387 τύχην.

224 3384 272 3450 Τὰ
293 3386 414 3453 δοθέντ’
430 3391 563 3452 Ιἀπαιτεῖ
580 3389 833 3475 μεταμελουμένη
856 3387 944 3470 τύχη.

220 3468 259 3535 Ὁ
281 3477 335 3534 τοῦ
352 3473 495 3555 γενέσθαι
516 3475 566 3537 καὶ
589 3475 704 3553 θανεῖν,
725 3474 826 3539 κυινδς
847 3470 950 3552 νόμος·

224 3554 345 3624 Πάντας
365 3558 495 3641 δαμάζει
515 3560 566 3622 καὶ
587 3561 620 3623 τὸ
645 3565 743 3642 νεῦμα
762 3562 815 3639 τῆς
837 3557 962 3638 τρυφῆς·

224 3636 334 3726 Τρυφὴ
354 3645 512 3728 χαρακτὴρ
535 3645 577 3705 ὧν
599 3643 663 3726 γ’ὁ
684 3648 756 3710 νυός
773 3643 891 3721 κοῦφος
911 3640 1026 3723 φρονεῖ.

224 3721 332 3789 Κακυῦ
352 3727 510 3811 χαρακτὴρ
531 3729 659 3810 γλῶσσα
679 3732 734 3790 νοῦ
756 3722 957 3806 κακίστομυς.

872 3822 936 3883 16·
