2884 4650
680 487 831 584 ἰι-ο-

301 653 511 739 Χυδαιύτερυς
532 654 725 738 ὀχλαγωγίας
744 656 904 736 πυλαϊκῆς.

301 737 407 823 Χωρλς
426 737 463 801 τὰ
485 735 601 801 Μυσῶν
620 739 672 801 καὶ
692 739 825 822 Φρυγῶν
849 737 1010 820 ὁρίσματα.
1142 782 1144 786 .

301 822 407 907 Χωρὶς
427 821 462 887 τύ
483 821 510 884 τ’
534 823 629 887 εἰπεῖν
651 823 764 904 πολλὰ,
787 820 895 886 καὶτὰ
916 820 1030 904 καίρια.
1059 883 1062 888 ,

301 907 412 992 Ψυχῆς
433 907 585 990 νοσούσης
605 907 678 971 εἰσὶν
703 908 801 991 ἰατροὶ
821 905 919 988 λόγοι.
963 939 965 944 -

302 991 417 1055 Ψωλδν
434 991 580 1074 γενέσθαι
602 992 652 1054 δεῖ
671 993 706 1054 οὲ
726 991 817 1076 μέχρι
838 989 993 1074 μυρρίνου.

295 1073 336 1138 Ὢ
361 1075 455 1139 πλέον
473 1075 564 1144 ίλαος
585 1075 716 1160 αἱμύλης
738 1077 908 1142 ἀλώπεκος.

300 1157 411 1223 Ὠδῖνα
427 1161 518 1225 τίκτει
539 1159 592 1230 νύξ
612 1162 782 1246 κυβερνήτῃ
806 1165 906 1244 σοφῷ.

296 1241 403 1307 Ὤδιν’
428 1243 447 1308 ὀ
466 1267 510 1321 ος,
529 1243 659 1329 κάπειτα
685 1249 742 1329 μῦν
763 1244 938 1308 άπέκτεκεν.

301 1325 393 1412 Ὡνὴν
413 1267 507 1397 τιθεὶς
528 1330 579 1392 καὶ
599 1333 786 1413 πράσιν,’ύνς
807 1328 913 1398 Φοῖνιξ
935 1325 1022 1411 ἀνήρ.

297 1409 449 1496 Ὢρουσεν
474 1413 565 1482 ίππος
587 1414 622 1476 ὀκ
645 1415 863 1499 βραδυσκελιῦν
887 1412 977 1476 ὄνων.

299 1494 355 1564 Ὡς
376 1497 479 1580 ἀγαθὰ
499 1499 673 1584 συλλήβδην
697 1498 817 1561 ἅπαντά
838 1521 885 1561 σοι
905 1494 1003 1581 φέρω.

300 1579 356 1648 Ὣς
378 1581 494 1663 ὀγαθύν
520 1583 581 1645 ἐστ’
607 1582 783 1666 ἐπωνυμίας
804 1582 921 1650 πολλὰς
945 1580 1060 1688 φέρειν.

300 1663 356 1732 Ὡς
378 1663 441 1728 ἔστι
462 1688 514 1749 μοι
535 1668 569 1730 τδ
589 1671 697 1753 χρῆμα
717 1672 808 1730 τοῦτο
828 1668 897 1751 περὶ
918 1666 1010 1742 πρδα.

297 1748 355 1816 Ὡς
377 1749 516 1820 εύκύλως
536 1752 694 1814 πίπτουσιν
719 1753 751 1814 αί
776 1751 913 1836 λαμπραὶ
933 1748 1032 1836 τύχαι.

299 1832 355 1901 Ὡς
376 1836 435 1917 ἡδδ
458 1835 511 1898 τόιν
533 1836 692 1899 θάλασσαν
715 1837 776 1900 άπὸ
800 1841 852 1904 τοῖς
871 1840 926 1918 γᾶς
947 1835 1030 1918 ὀροῖν.

292 1916 355 1986 ιὩς
374 1921 433 2002 ἡδὺ
457 1924 521 1988 τοῖς
542 1925 667 2005 σοφοῖσι
690 1921 866 2004 μεμνῆσθαι
886 1919 999 1982 πύνων.

297 2001 354 2070 Ὡς
373 2004 432 2087 ἡδύ
456 2028 503 2068 τοι
525 2004 666 2068 σωθέντα
691 2007 866 2113 μεμνῆσθαι
887 2003 999 2067 πύνων.
1035 2055 1041 2068 .

299 2086 355 2155 Ὡς
378 2091 454 2172 μήτε
476 2094 606 2174 κροῦσαι
627 2089 691 2173 μήθ
724 2091 799 2174 ύπὲρ
819 2093 926 2175 χεῖλος
948 2089 1062 2172 βαλεῖν.

300 2171 355 2239 Ὡς
377 2172 437 2259 οόχ
456 2175 614 2258 ὑπάρχων,
639 2173 720 2236 ἀλλὰ
741 2175 981 2258 τιμωρούμενος.
1110 2207 1112 2212 ’

294 2252 414 2341 Ὥσπερ
437 2258 475 2320 τὰ
497 2263 576 2321 σῦκα
599 2262 693 2320 τοῖσιν
718 2259 896 2343 ὀφθαλμοῖς
919 2256 989 2342 ἔφυ.

301 2340 475 2426 Ἀβυδηνὸν
497 2343 685 2427 ἐπιφόρημα.
707 2340 841 2407 Νούσων
865 2342 1047 2425 Ναυκράτει.

300 2424 547 2511 Ἀγαμεμνύνεια
569 2428 697 2512 φρέατα.
721 2426 805 2496 Βοῦς
828 2429 878 2491 ἐπὶ
902 2428 1001 2509 ζυγὸν.
1078 2490 1080 2502 ,

300 2506 564 2595 Ἀγαμεμνύνειον
590 2514 690 2577 δαῖτα.
709 2510 812 2582 Βέλος
829 2510 990 2597 Ἀχαϊκόν.

300 2592 420 2677 Ἀγορὰ
442 2595 578 2665 Λύκειος.
600 2596 740 2665 Καλλίας
756 2599 947 2682 πτερορρυεῖ.
986 2659 988 2663 ,

301 2675 438 2761 Ἀγορᾶς
458 2678 592 2765 ἄγαλμα.
614 2680 696 2745 Θατέ
717 2708 743 2767 ῳ
764 2682 983 2767 παραβλέπειν.

298 2761 431 2843 Ἀγουσι
451 2766 502 2827 καὶ
525 2764 664 2849 φέρουσι.
686 2706 854 2831 Ιύοιιύτειον
876 2764 938 2835 ούς.

301 2847 413 2915 Ἀδεὲς
433 2846 504 2916 δέος
530 2848 680 2918 δέδοικας.
700 2850 863 2934 Ἀργείους
886 2853 969 2935 ὁρᾷς.

301 2930 460 2996 Ἀδύνατα
482 2932 590 3017 θηρᾷς.
613 2931 667 3001 Εἷς
689 2934 766 3018 ἀνὴρ
788 2935 890 3005 οὐδεὶς
913 2936 999 3019 ἀνήρ.

301 3014 371 3081 Ἀεὶ
393 3015 430 3079 τὰ
454 3014 616 3080 Θετταλῶν
639 3016 758 3082 ἄπιστα.
781 3016 970 3083 Μυσπολεῖν.

300 3099 374 3165 Ἀεί
392 3121 437 3169 τις
460 3100 491 3163 ἐν
513 3098 671 3169 Κύδωνος.
694 3099 747 3165 Ἐν
771 3103 906 3167 σκύτεσιν
929 3106 1042 3171 ὀνοῦς.

302 3186 525 3269 Αἰγυπτιάζεισ.
546 3185 667 3254 Δοῦλος
689 3187 732 3249 ὢν
755 3186 853 3273 κόμην
875 3187 1006 3273 τρέφεις.

300 3270 469 3352 Αἰγύπτιος
490 3269 707 3355 πλινθοφόρος.
726 3272 912 3357 Ἄνθρωπος
935 3272 1049 3355 Θαλῆς.

301 3353 410 3423 Αἰδὼς
430 3355 461 3418 ἐν
483 3356 682 3442 ὀφθαλμοῖσι.
705 3353 825 3420 Βάττου
848 3359 977 3442 σιλφιυν.

302 3434 438 3521 Αίνιγμα
458 3438 637 3504 Βοιώτειυν.
659 3440 748 3523 Αύτη
770 3444 869 3526 κυρία.

301 3520 372 3617 Αἲξ·
386 3523 438 3605 τὴν
463 3526 626 3633 μάχαιραν.
651 3522 755 3588 Πάντα
777 3526 955 3613 μὴβούλου
976 3529 1108 3610 κρατεῖν,

303 3606 470 3691 Αῖροῦντες
492 3611 667 3693 ηρήμεσθα.
692 3610 833 3673 Φωκέων
853 3612 923 3695 ἀρά.

303 3692 440 3776 Αἰσχρδν
463 3695 590 3777 σιωπᾷν.
611 3692 663 3758 Ἐν
685 3694 881 3780 παρενθήκης
903 3694 995 3779 λύγῳ.
