2884 4650
695 531 847 626 *ιστ-

314 697 393 764 Βίου
415 695 590 760 παλαισταί.
609 695 710 766 Λυδὸς
733 696 764 759 έν
788 694 972 780 μεσημβρίᾳ.

314 781 386 867 Βομ
407 781 494 849 υλίας
517 779 697 864 ἄνθρωπος.
712 780 838 864 Ἀργεία
860 780 952 864 φορά.

314 865 381 950 Βορ
404 865 592 950 ορυτάραίις.
608 861 716 952 Ἔίεχ’
739 867 764 931 ὦ
788 864 853 950 φίλ’
878 865 957 948 ἥλιε.

314 949 472 1015 Βόσκουσι
494 950 632 1034 φυγάδας
653 949 784 1018 ἐλπίδες.
807 947 905 1036 Νιόβη
929 948 1025 1033 πάθη.

314 1032 436 1103 Βουνᾶς
461 1035 585 1106 δικάζει.
608 1031 661 1116 Μὴ
683 1034 795 1116 λόγους
818 1032 1056 1116 άντ’,οἰλφίτυν.

314 1117 399 1189 Βοῦς
421 1119 563 1205 ἕβδομος.
587 1118 684 1181 Λάλει
704 1119 751 1196 δὲ,
770 1121 822 1183 καὶ
844 1120 885 1202 μὴ
907 1117 1042 1200 θίγγανε.

314 1200 401 1274 Βούς
424 1205 468 1272 εἰς
489 1202 615 1287 ἄμητον.
640 1202 796 1289 Ψηλαφηῖν
821 1204 852 1267 ἐν
877 1206 921 1288 τιγῖ
944 1201 1052 1286 σκότῳ.

314 1287 400 1371 Γαλῆ
420 1283 586 1372 κροκωτόν.
602 1287 758 1371 Ἀφθονοι
778 1287 915 1352 Μουσῶν
939 1286 1041 1371 θύραι.

314 1371 457 1441 Γάλλους
477 1373 507 1434 τί
525 1371 663 1455 τέμνεις;
685 1369 853 1458 Κανθάρου
877 1373 1070 1456 σοφώτερος,

314 1455 429 1520 Γείτυιν
451 1453 616 1525 Μυκόνιος.
638 1455 692 1541 Μὴ
714 1459 791 1542 πρὸς
812 1458 868 1543 ἐμὲ
888 1456 926 1520 τὰ
950 1457 1083 1520 ποικίλα.

314 1539 422 1609 Γέλιυς
443 1538 625 1624 Μεγαρικός.
654 1537 701 1606 Ού
723 1540 900 1628 ποτ”ίσχεν
921 1542 941 1623 ἡ
963 1539 1055 1625 θύρα.
1089 1601 1093 1604 .

314 1624 445 1709 Γέραιρε
471 1624 592 1688 σαυτόν.
619 1623 730 1710 Τυρίου
754 1626 971 1711 Ξενοκράτους.

314 1708 475 1793 Γερόνπιον
497 1715 649 1774 στυπεῖον.
674 1707 841 1780 Οἰδίποδος
861 1713 931 1796 ἀρά.

314 1792 436 1857 Γλαῦκ’
461 1795 504 1864 εἰς
527 1793 670 1880 Ἀθήνας.
683 1792 736 1865 Ἐξ
760 1797 828 1865 ἑνὸς
848 1795 885 1859 τόι
904 1793 999 1860 πάνθ’
1023 1797 1105 1880 δρᾷς.

314 1875 415 1941 Γλυκύ
441 1878 512 1962 μέλι
530 1881 582 1943 καὶ
600 1880 676 1949 πνίΕ.
696 1879 780 1944 Ἀντὶ
799 1880 838 1944 πέ
858 1903 914 1965 κης
934 1880 1087 1964 σκορπίον.

314 1956 464 2047 Γραμμὴν
488 1964 542 2028 ἐπ’
567 1964 662 2051 άκραν
690 1966 813 2049 σκομεν.
837 1903 944 2034 Καλός
964 1964 1077 2029 πίθιυν.

314 2046 508 2132 Γυμνύτερυς
531 2049 657 2134 ὑπέρου.
679 1990 764 2118 Κούς
785 2051 816 2112 ἐν
842 2050 940 2136 αύλίιμ
962 2048 1057 2133 κάθη.

314 2129 463 2202 Γυναικός
484 2133 623 2218 ὄλεθρος.
646 2133 839 2218 Γυμνότερος
858 2133 1013 2219 Ἰαλέμυυ.

314 2216 612 2304 Δεινότεραιπάσχει
637 2217 805 2302 Σαμβίκου.
827 2217 953 2305 Πλήρης
974 2218 1074 2288 πίθος.

314 2301 421 2366 Δεῖται
444 2303 582 2368 σελίνων.
604 2300 721 2388 Μικρὸν
745 2303 859 2453 όβόλυυ
882 2305 990 2388 τίμιον.

314 2389 466 2471 Δελφῖνος
488 2389 519 2451 ἐν
542 2388 647 2474 χέρσῳ
670 2389 731 2475 βία.
781 2391 991 2475 φενδάμνινος.

314 2472 403 2556 Δεριῖι
429 2474 463 2536 σὲ
486 2473 622 2537 θύλακον
645 2476 771 2556 κλοπῆς.
799 2471 853 2543 Εἰς
876 2475 991 2560 ὀλβίαν.

314 2556 368 2624 Δὶς
388 2560 498 2626 παῖδες
520 2559 549 2620 οἱ
570 2558 720 2642 γέροντες.
739 2559 834 2644 Ὑπὲρ
856 2558 928 2622 όνου
952 2560 1047 2626 σκιᾶς.

304 2640 462 2789 {fame
484 2644 617 2727 χάλαζα.
639 2642 806 2792 Κανθρίρου
831 2646 1026 2728 μελάντερος.

347 2747 446 2807 γνιυκε
469 2727 507 2810 δὴ
529 2727 589 2811 θῆρ
610 2730 703 2812 θῆρα.
757 2730 841 2792 εττδν
866 2729 1023 2791 ἀνατίθου.

312 2806 367 2878 Εἰς
390 2808 495 2893 αὔριον
519 2814 682 2876 σπουδαῖα.
706 2810 908 2881 Βαθυκλέους
929 2810 1023 2881 κύλιξ.

313 2890 367 2961 Εἰς
386 2891 440 2963 υός
458 2893 567 2975 λέγειν.
595 2893 741 2980 Ζήνωνος
761 2898 1006 2984 ἐγκρατέστερος.

312 2974 367 3046 Εἰς
386 2979 440 3062 τὴν
464 2979 594 3063 σελήνην
618 2981 815 3045 Ἀκεσιλάου.
837 2982 899 3052 Aa&
918 2985 1034 3047 πατεῖν.

311 3060 367 3127 Ἐκ
386 3061 540 3147 γεύματος
559 3065 662 3149 γνοίης
685 3064 731 3128 ἄν.
751 3064 930 3151 Ἀθύροιτον
954 3065 1062 3151 στόμα.

311 3145 367 3212 Ἐκ
388 3152 442 3231 τῆς
464 3146 618 3233 φαρέτρης
632 3148 752 3234 ἡμέρα.
771 3147 818 3213 Τὰ
838 3150 1012 3218 Καννάκου.

310 3229 366 3296 Ἐκ
387 3238 448 3297 τῶν
470 3230 524 3295 όνύ
550 3256 592 3295 ων
612 3233 733 3297 λέοντα.
754 3232 924 3321 Κουρήτων
949 3236 1058 3320 στόμα.
1102 3298 1103 3307 ,

310 3313 500 3403 Ἐλίφαντος
520 3256 611 3381 ύθδὲν
635 3318 801 3403 διαφέρεις.
827 3319 956 3385 Δούλιυν
979 3320 1077 3391 πόλις.

252 3403 255 3412 ’
303 3395 428 3465 Ἕλκειν
454 3401 638 3488 σκαπέρδαν.
659 3399 713 3465 Ἐκ
738 3428 755 3467 τ
776 3405 842 3490 ιχδς
863 3406 1055 3491 κρεμάμεθα.

308 3480 363 3546 Ἐν
387 3483 469 3571 Καρὶ
492 3490 542 3552 τὸν
565 3488 714 3554 κίνδυνον.
734 3427 887 3571 ’θρνίθυιν
910 3493 1001 3575 γάλα.

307 3564 361 3631 Ἐν
383 3571 458 3654 πυρὶ
473 3571 616 3657 βέβηκας.
638 3571 871 3658 Μορμυλύττειν
896 3577 1002 3661 ἀσκίῳ.

310 3649 399 3716 Ἔνθ’
422 3654 452 3716 οἱ
472 3655 567 3726 πόδες
589 3658 734 3744 φέρωσιν.
757 3656 810 3727 Είς
828 3659 911 3745 ύδυιρ
933 3662 1072 3746 γράφειν.

306 3734 389 3808 Ἔίιυ
412 3736 522 3823 βέλους
544 3743 675 3828 κάθησο.
697 3740 856 3809 Ταντάλου
877 3745 973 3814 λίθος.
