2884 4650
656 553 659 558 ·
722 558 872 657 2⁴-

385 730 536 809 Concepit
553 732 641 791 tereti
662 731 732 810 lege
753 732 852 792 soluta
872 733 999 810 pedum3

341 816 429 876 Vatis
453 825 483 876 et
501 817 646 878 Historici
666 818 766 875 fuerat
783 837 860 892 quae
884 818 1004 894 singula
1024 814 1168 894 magn‘um

384 903 541 979 Accipere,
563 904 612 962 hic
634 923 712 962 unus
737 903 873 978 praemia
893 903 996 960 iuncta
1015 903 1103 960 feret.

296 1077 298 1084 ⁴
380 1073 427 1132 15.
475 1075 514 1130 Ia
538 1071 706 1130 Suetonium
727 1074 764 1129 ab
786 1074 893 1130 Iooceo
917 1072 1088 1131 Caecatouo
1108 1077 1226 1134 editum.

341 1157 467 1235 Imperii
486 1175 642 1234 procerum
664 1156 862 1232 T[r]anquilli
884 1158 1007 1220 condita
1026 1157 1113 1216 libris

386 1242 484 1302 Gesta
504 1242 664 1301 vetustatis
688 1242 851 1300 obsoluere
871 1243 941 1300 situ.

343 1325 527 1387 Caesaribus
549 1327 679 1403 patriam
700 1327 825 1384 dederat
846 1345 1014 1402 nomenque
1033 1346 1192 1405 genuaque

386 1412 601 1488 Tranquillus:
622 1411 720 1469 lucem
743 1412 873 1470 reddidit
891 1413 1019 1473 Isacius.

345 1497 480 1556 Tradere
501 1516 551 1555 res
572 1504 675 1575 gestas
699 1516 784 1570 aevo,
807 1518 869 1556 non
891 1498 998 1560 ultima
1021 1498 1089 1555 laus
1112 1506 1178 1559 est:

387 1579 571 1641 Caesaribus
591 1582 688 1639 lucem
709 1583 846 1655 reddere,
869 1582 1056 1642 Caesareum
1078 1591 1134 1642 est.

470 1751 518 1810 16.
558 1755 597 1810 Ia
618 1753 802 1810 Macrodiam
823 1755 869 1810 Io.
890 1755 981 1810 Ioceii
1001 1753 1136 1811 Pontuni.

343 1835 496 1895 Pristinus
518 1837 653 1914 auspicio
674 1830 809 1896 Pontani
829 1838 964 1896 redditus
988 1845 1035 1896 est
1055 1858 1136 1896 nunc

384 1922 539 1981 Macrobio
561 1923 642 1980 cultu
665 1925 720 1981 sub
742 1922 855 1998 potiore
875 1923 965 1981 nitor.

344 2005 483 2066 Gaudete
504 2029 521 2067 0
544 2015 677 2066 veterum
701 2008 881 2083 scriptorum
903 2008 1050 2085 naufraga
1070 2008 1171 2081 turba,

387 2090 421 2152 Si
443 2111 521 2168 quos
536 2093 684 2151 Macrobii
705 2093 796 2150 docta
813 2111 948 2168 papyrus
971 2093 1071 2150 habet.

343 2175 434 2234 Hanc
455 2197 511 2254 per
528 2178 716 2235 Macrobium
741 2178 833 2234 vitam
858 2178 1014 2253 spirabitis
1039 2177 1122 2249 olim,

388 2261 475 2337 Quae
495 2281 552 2339 per
570 2262 743 2320 Pontanum
764 2261 885 2319 reddita
903 2262 1057 2321 Macrobio
1080 2269 1137 2320 est.

490 2433 537 2490 17.
583 2434 621 2489 Ia
643 2433 804 2491 Auriccum
826 2433 960 2491 Danielis
981 2433 1104 2490 Heinoii.

344 2516 558 2592 Melpomenac
578 2536 695 2595 sacrum
720 2519 795 2576 facit
815 2518 973 2576 Heinsius.
994 2536 1047 2576 ore
1069 2517 1182 2591 favete,

386 2599 468 2659 Dum
490 2603 585 2678 quatit
606 2604 776 2681 Aeschyleo
801 2604 920 2681 pulpita
941 2604 1023 2677 picta
1047 2603 1135 2678 pede.

345 2683 428 2744 Cede
449 2684 630 2762 Sophoclaei
650 2707 771 2747 carmen
793 2689 897 2766 regale
917 2688 1071 2757 cothurni3

387 2768 494 2829 Cedite
513 2770 670 2849 Cecropiis
689 2770 797 2848 plausa
818 2775 937 2831 theatra
959 2773 1071 2830 choris.

343 2854 497 2932 Principis
519 2857 571 2914 ille
595 2857 691 2915 vicem
717 2860 859 2931 subitam,
883 2859 1077 2932 strictumque
1100 2856 1204 2915 dolose

386 2939 459 2998 Non
484 2948 662 3018 exspectato
683 2943 799 3000 fulmen
822 2945 859 3002 ab
881 2945 971 3002 hoste
994 2943 1086 3014 canit,

344 3026 385 3085 Et
403 3026 496 3083 fixum
514 3026 546 3083 in
567 3027 666 3103 patria
686 3028 755 3084 dum
775 3028 876 3104 figitur
893 3030 925 3086 in
944 3028 1042 3099 Duce,
1061 3027 1182 3084 vulnus.

386 3110 476 3169 Hanc
497 3111 552 3170 tibi
573 3110 658 3168 nulla
679 3112 745 3171 dies
767 3113 865 3186 tollet,
885 3114 983 3180 lbere,
1003 3120 1126 3178 notam..

295 3220 297 3225 ·
344 3195 739 3272 GrandiloquisqueHeinsi
752 3199 979 3272 numeris‚quae
992 3198 1122 3256 dedecus
1134 3215 1197 3253 una
1211 3204 1259 3255 est

386 3284 471 3341 Mors
490 3282 555 3355 tibi,
575 3280 734 3341 Nassovio
757 3283 819 3340 vita
838 3283 981 3360 perennis
1005 3283 1069 3340 erit.

455 3454 501 3513 18.
543 3456 582 3511 Io
604 3450 748 3509 Balduini
770 3453 936 3510 Berlieomii
956 3452 1150 3509 Hieroatietta.

344 3535 488 3596 Carmina
510 3537 671 3596 Berlieomi
692 3556 756 3611 non
776 3555 853 3594 vano
875 3536 1091 3608 sublimium,

388 3619 450 3681 Sed
470 3630 598 3697 castum,
623 3630 653 3680 et
674 3640 767 3699 purae
788 3629 858 3679 sunt
878 3621 1006 3680 Pietatis
1027 3640 1115 3697 opus.

344 3706 418 3784 Ipse
440 3708 560 3782 quidem
579 3716 707 3786 poterat¹
722 3707 799 3766 votis
822 3705 987 3765 maioribus
1007 3724 1082 3765 usus

385 3792 458 3852 Alta
477 3794 621 3851 Maronea
640 3795 734 3852 verba
754 3812 862 3853 sonare
884 3791 971 3848 tuba:
