2884 4650
562 543 713 638 A

224 708 321 784 Qunm
341 709 427 770 dirae
447 710 564 771 titulum
584 714 691 774 mortis
712 714 825 774 habere
840 717 946 790 potes?

178 793 260 869 Quid
280 795 336 853 tibi
357 813 425 855 cum
445 795 527 855 clero
551 805 598 856 est
619 798 714 858 radiis
738 797 916 874 Hyperione
939 803 1058 866 cincto?

221 880 329 942 Redde
349 881 415 938 orbi
436 880 584 940 Dousam.
613 883 660 942 sol
680 891 745 944 erat
764 883 817 942 ille
838 892 916 946 tous.

179 964 243 1027 Sed
264 965 337 1041 quid
356 983 434 1023 vana
455 966 587 1041 queror?
609 968 678 1026 dum
702 986 789 1026 mons
812 969 907 1028 evicto
927 971 1033 1032 dolore

221 1050 326 1108 Verba
343 1050 414 1108 iacit
435 1050 536 1111 surdis
559 1051 726 1127 diripienda
748 1051 858 1113 Notis?

179 1134 270 1211 Quod
289 1135 361 1206 fleo,
380 1154 443 1194 non
463 1135 608 1209 lacrimis,
627 1156 690 1196 non
709 1146 757 1196 est
770 1140 941 1200 revocabile
961 1150 1079 1218 questu.

221 1219 360 1277 Iacturae
381 1227 481 1278 tantae
503 1240 563 1279 non
586 1223 667 1298 capit
686 1222 731 1280 ira
751 1223 882 1284 modum.

177 1303 253 1363 Flos
276 1303 429 1362 hominum
450 1323 528 1380 qnae
550 1313 580 1362 te
602 1308 699 1367 nostri
720 1307 864 1374 feralibus
886 1311 952 1370 aevi

222 1389 381 1447 Infensum
403 1389 484 1448 vitiis
507 1390 592 1448 ocior
609 1411 682 1450 aure
700 1392 801 1468 rupit?

178 1471 247 1532 Nec
268 1473 324 1531 tibi
344 1474 492 1546 concessi,
515 1475 635 1535 modico
654 1495 728 1550 quos
749 1477 845 1536 limite
863 1479 939 1539 fines

223 1558 387 1635 Temporis
408 1558 531 1616 humani
550 1561 630 1618 iusta
652 1569 774 1620 senecta
795 1563 880 1639 petit.

180 1641 243 1704 Sed
265 1643 383 1700 medius
404 1643 539 1703 moriens
562 1645 641 1705 inter
660 1647 860 1723 iuvenemque
876 1667 1039 1729 senemque

221 1727 290 1786 Nec
311 1728 414 1788 inveni
435 1728 570 1805 propior,
597 1730 783 1806 posteriorve
805 1751 889 1806 sene,

179 1810 254 1871 Non
273 1820 448 1888 exspectate
469 1813 577 1874 hiemis
596 1816 727 1874 statione
749 1818 876 1890 recedis,

222 1901 377 1957 Autumno
397 1897 476 1956 vitoe
494 1907 707 1975 praetereunte
729 1906 807 1959 tuae.

180 1983 229 2043 Ah
248 2001 301 2040 cur
317 1999 380 2039 non
401 2001 500 2042 ennos
522 1984 645 2044 totidem
664 1985 720 2042 tibi
743 1985 852 2043 sistere
870 2003 1005 2062 possum,

223 2065 307 2140 Quot
326 2085 445 2129 morum
468 2067 574 2126 merito
592 2071 693 2131 vivere
713 2069 821 2146 dignus
845 2067 928 2129 erasi

179 2153 222 2215 Ut
244 2151 352 2211 saltem
374 2145 513 2212 humenis
535 2173 599 2213 non
619 2164 680 2214 tam
704 2155 761 2212 cito
783 2156 873 2213 rebus
897 2155 1055 2236 ademptus

222 2236 350 2313 Hospes
371 2237 403 2296 in
424 2237 540 2314 Elysiis
561 2239 689 2299 vullibus
712 2241 819 2298 umbre
840 2240 946 2311 fores?

181 2321 243 2384 Sed
263 2322 333 2398 quie
353 2321 504 2384 lenificum
526 2324 634 2403 rigidis
656 2333 737 2383 vetet
759 2326 833 2384 ordo
857 2344 990 2387 sororum

221 2406 368 2485 Legibus,
391 2416 421 2465 et
439 2407 512 2469 dura
533 2419 614 2469 stant
634 2411 792 2469 adamante
814 2428 910 2484 serae,

181 2493 273 2569 Quod
294 2510 432 2567 possum,
453 2494 544 2557 facio:
568 2495 750 2573 singultibus
773 2514 842 2555 aere
865 2497 986 2571 nudum,

220 2581 322 2652 Atque
339 2578 513 2654 interruptis
537 2580 637 2639 sidera
655 2580 746 2656 pulso
767 2580 868 2639 sonis:

179 2661 220 2721 Ut
240 2663 269 2721 si
289 2681 351 2720 non
371 2662 453 2721 aliud
473 2683 560 2739 verso
580 2683 688 2740 querar
711 2664 818 2725 ordine
838 2683 938 2725 rerum

219 2750 301 2806 Ante
324 2746 403 2806 diem
426 2748 505 2807 vitee
527 2768 626 2825 pensa
644 2758 764 2812 resecto
785 2757 864 2822 tuse,

179 2835 278 2907 Atque
297 2850 395 2890 annos
416 2851 622 2910 quoscumque
642 2835 699 2894 tibi
721 2842 792 2911 post
812 2843 897 2912 terge
916 2836 1059 2913 relinquit

220 2916 295 2976 Non
317 2924 492 2993 exspectato
515 2920 577 2988 fine
597 2929 716 2995 peracto
739 2920 814 2979 dies.

179 3002 371 3077 Alloquimur
393 3000 539 3079 Superos.
560 3005 681 3081 tepidae
704 3024 759 3065 sua
780 3006 871 3063 verbe
892 3012 1066 3082 sequuntur,

220 3087 317 3161 Inque
340 3087 404 3147 suis
425 3086 568 3147 lacrimae
591 3092 746 3164 questibus
767 3110 819 3151 ore
840 3091 950 3168 rigant.

181 3170 245 3230 Nec
266 3172 374 3231 flemus
397 3173 506 3233 surdis.
526 3175 716 3251 respondent
737 3176 856 3235 fletibus
877 3188 996 3247 empse,

222 3255 308 3329 Quos
328 3276 392 3317 non
416 3259 546 3337 exiguos
569 3266 648 3319 terro
666 3260 781 3322 Batava
801 3260 886 3333 bibit,

181 3340 296 3413 lienus,
319 3343 400 3399 etin
419 3342 497 3400 Reni
516 3345 680 3405 moriturus
701 3347 787 3405 Mosa
809 3344 937 3417 lacunis,

221 3412 384 3503 Et⁸magni
407 3426 488 3487 Reni
505 3430 605 3504 portio
624 3449 733 3508 magua
755 3429 860 3488 Vahnl.

180 3510 253 3588 Ipse
271 3510 361 3568 etiam
382 3512 516 3573 lacrimis
536 3532 616 3575 nunc
637 3515 835 3579 auxiliaribus
857 3518 960 3572 auctus

222 3596 362 3654 Inirenes
383 3597 465 3656 nullo
486 3600 622 3676 margine
641 3600 708 3662 finit
729 3615 833 3672 eques,

181 3678 417 3757 Priscorumque
436 3682 532 3743 larum
552 3684 643 3745 funus
663 3682 778 3762 gentile
800 3681 960 3758 professus

222 3765 354 3825 Insolito
372 3767 455 3844 ripas
478 3767 616 3831 Dousius
640 3786 728 3829 amne
749 3767 867 3843 premit.
