2884 4650
740 556 890 648 .—⁵²...

359 723 427 783 Neo
446 724 547 782 facere
568 724 626 781 hoo
645 731 776 800 poterat,
797 723 878 800 quod
900 723 985 781 Naso
1007 724 1121 781 fecerat
1143 726 1230 800 olim,

402 808 500 884 Quam
522 809 572 884 qui
593 807 729 868 Nasonis
751 829 859 884 corque
881 810 1074 884 animumque
1093 812 1180 887 gerit.

361 979 390 1038 9.
435 979 646 1037 AdPltoeham·
659 981 695 1036 ‹le
713 972 906 1036 1011000010
929 981 1029 1036 edente
1043 980 1277 1056 Lycophronem.

359 1068 457 1123 Antra
478 1063 643 1121 cothurnati
662 1071 822 1140 penetrare
845 1063 1052 1138 Lycophronis
1071 1083 1176 1138 ausus,

360 1151 496 1208 Maturus
519 1148 637 1220 studiis,
662 1148 716 1206 sed
736 1147 787 1205 vix
808 1165 949 1224 egressus
973 1150 1081 1225 ephebi

358 1234 530 1308 'Vestioipes
553 1250 660 1303 annos,
684 1241 714 1290 et
733 1232 839 1288 limina
856 1233 981 1308 puberis
1003 1235 1081 1312 aeyi,

360 1318 511 1377 Meursius
534 1319 589 1375 has
611 1317 722 1376 virides
747 1325 878 1394 segetes,
897 1319 1068 1394 messisque
1088 1320 1211 1376 futurae

360 1403 526 1476 Primitias,
548 1402 608 1475 dat,
632 1403 765 1474 Phoebe,
787 1402 841 1459 tibi
861 1423 917 1478 pro
938 1411 1091 1481 tempore:
1113 1405 1167 1461 nbi
1189 1413 1276 1464 aetas

363 1487 451 1546 Hunc
473 1488 591 1546 firmata
615 1489 710 1545 virum
733 1488 905 1564 perfecerit,
929 1490 1034 1565 accipe
1052 1507 1196 1572 mespem.

367 1658 413 1716 10.
459 1659 497 1716 Ιο
518 1655 627 1714 Lucilii
643 1658 824 1732 Fragmenta
845 1657 963 1714 collecta
984 1668 1012 1715 et
1032 1661 1109 1716 celita
1131 1678 1151 1715 a
1174 1661 1274 1717 Fran·

716 1745 789 1799 cisoa
810 1742 921 1799 Doara.

365 1826 456 1902 Quod
474 1826 578 1885 doctos
599 1826 692 1884 laceri
713 1826 812 1884 Lucili
834 1825 950 1902 colligit
970 1833 1067 1898 artus,

404 1913 540 1970 Membra
561 1913 623 1972 suis
645 1912 774 1970 roddens
796 1911 916 1988 singula
935 1929 1071 1986 quaeque
1093 1911 1182 1984 loeis,

331 2056 334 2063 ,
362 1996 447 2071 Quae
467 1996 621 2056 Ciceronis
642 2006 716 2069 erat,
736 1996 861 2054 Iuvenis
884 2013 963 2052 nunc
985 1995 1079 2053 civica
1099 1996 1245 2069 Dousae;

405 2081 484 2156 Quin
503 2083 601 2140 maior
622 2083 760 2154 Dousae,
783 2100 872 2156 quam
897 2079 1054 2138 Ciceronis
1074 2082 1138 2139 erit.

361 2167 480 2241 Eripuit
497 2166 614 2225 facibus
637 2165 786 2225 Catilinae
808 2165 927 2223 Tullius
949 2167 1069 2223 urbem:

405 2250 550 2310 Restituit
572 2252 654 2310 cives
678 2252 727 2309 hic
748 2251 804 2309 tibi
827 2251 925 2308 Roma
948 2259 1028 2309 tuos.

366 2425 414 2481 11.
436 2426 475 2481 In
485 2423 666 2481 Maelianum
685 2421 832 2497 Capellam
847 2425 952 2479 editum
965 2421 1002 2477 al
1018 2420 1142 2497 Hapone
1161 2423 1273 2483 Gratia.

362 2508 454 2585 Hugo
480 2508 603 2567 soboles
626 2506 748 2567 Grotius
775 2507 880 2584 optimi
902 2505 1049 2582 parentis,

364 2594 424 2669 Qui
446 2593 551 2651 limina
573 2593 705 2651 nondum
731 2593 829 2669 tetigit
848 2592 970 2667 puberis
993 2591 1070 2661 aevi,

364 2676 427 2738 Sed
446 2689 546 2735 mente
569 2678 658 2737 senili
678 2685 797 2735 teneros
819 2676 978 2753 praevenit
998 2695 1107 2749 annos,

363 2764 505 2839 Magnum
527 2764 689 2835 meditans,
711 2762 854 2837 auspiciis
878 2761 973 2818 noluit
991 2761 1052 2818 illis

364 2847 558 2920 Praeludere,
582 2866 658 2922 quae
681 2848 859 2923 vesticipum
882 2846 1019 2922 postulat
1042 2853 1142 2917 aetas3
1168 2905 1171 2922 1

367 2930 428 2993 Sed
450 2932 555 2989 maluit
574 2951 592 2989 a
613 2932 778 3009 grandibus
802 2932 953 2988 inchoare=
966 2932 1090 3007 coeptis.

362 3017 443 3077 Nam
470 3018 521 3092 qui
544 3036 639 3092 penus
664 3024 720 3089 est,
746 3017 844 3075 omnis
867 3025 897 3073 et
917 3034 988 3072 arca
1008 3015 1198 3093 disciplinae,

365 3102 426 3163 Sed
447 3120 535 3176 quem
557 3102 743 3159 horridulum
764 3102 873 3158 iniuria
895 3101 1044 3175 squallore
1065 3109 1200 3160 vetustas

365 3188 457 3249 Omni
479 3186 645 3245 studiorum
669 3187 762 3243 nitido
788 3187 942 3244 abdicarat
964 3206 1031 3259 usu,

363 3273 451 3331 Illius
472 3274 509 3330 ab
531 3271 638 3329 incude
659 3272 821 3348 profectus,
849 3280 936 3346 atque
960 3290 1089 3330 amoeno

366 3357 530 3433 Splendore
551 3357 678 3428 micans,
699 3375 849 3433 purpurea
868 3365 953 3415 veste
973 3357 1101 3414 decorus

366 3441 530 3518 Cultusque
552 3462 629 3500 novo
652 3442 772 3518 pumice
796 3442 963 3499 Martianus
986 3442 1059 3502 exit.

365 3525 511 3585 Cornisne
537 3536 569 3585 ut
591 3535 729 3586 ovantem
751 3526 853 3602 lepido
874 3528 948 3584 flore
970 3528 1121 3595 iuventae,

348 3612 350 3617 ’
366 3610 565 3671 Commendet
582 3632 648 3670 eum
668 3611 765 3690 gratia
782 3604 905 3669 luminis
931 3610 1080 3669 recentis?

366 3696 463 3771 Quam
484 3697 548 3755 sive
569 3698 684 3771 habuit,
703 3695 835 3754 restituit
854 3694 978 3755 Grotius
999 3696 1059 3767 1111;

366 3781 428 3843 seu
450 3802 511 3840 non
533 3782 647 3856 habuit,
671 3781 797 3841 contulit
817 3782 896 3838 hano
915 3779 1040 3840 Grotius
1060 3778 1114 3835 illi.
