2884 4650
593 585 743 680 m-
777 677 781 683 ,

206 753 363 831 Glangore
384 753 681 814 multoAcredulam
704 756 864 814 Budetiam
949 775 953 780 ’

206 838 324 899 Galans
344 839 470 914 rapinae
491 839 636 916 nuptialis
659 841 819 899 vindicem.

207 928 267 984 Ast
288 923 342 981 illa
367 923 463 1000 signis
487 943 599 1000 aspero
618 925 735 1002 palatio

207 1009 314 1087 Pupas
338 1027 503 1068 coruscans
526 1010 651 1069 caelitus
677 1011 850 1083 minabitur,

207 1096 313 1170 Lapsa
336 1113 374 1150 ex
395 1093 509 1152 falanto
529 1096 618 1170 patrii
641 1095 704 1155 solo
727 1096 823 1167 Iovis,

207 1183 275 1239 Avo
294 1179 457 1255 imperanti
478 1179 588 1238 nobilis
610 1182 777 1257 possessio.

206 1265 308 1347 Unius
329 1265 368 1323 ob
394 1283 506 1322 noxam
521 1267 604 1324 -orba
618 1265 707 1324 mille
727 1266 857 1323 liberum

206 1348 360 1408 Tumulos
382 1348 488 1408 inanes
509 1358 711 1426 conqueretur
736 1349 868 1410 Graecia

207 1433 334 1494 Nonio
357 1433 515 1509 sepulcris,
538 1435 592 1494 sed
614 1437 705 1494 maris
725 1435 818 1493 fundo
841 1434 929 1507 sitos,

208 1519 289 1596 Rogi
311 1537 485 1595 supremum
506 1539 568 1578 non
590 1528 735 1598 tegentes.
747 1521 906 1596 pulverem

205 1604 303 1665 Urnis
326 1604 481 1676 latentem,
503 1612 536 1661 nt
554 1605 635 1663 iusta
656 1606 822 1664 donicalia:

206 1688 273 1750 Sed
295 1689 382 1748 triste
405 1708 526 1763 nomen,
550 1699 639 1765 atque
659 1691 808 1767 cespitum
830 1697 920 1749 notas

207 1775 375 1832 Parentum
397 1775 503 1833 amicis
524 1776 664 1852 irrigatas
689 1777 810 1834 fletibus
865 1782 869 1786 ‘

207 1860 250 1919 Et
268 1858 427 1917 liberorum
448 1859 590 1918 loommin
615 1867 645 1918 et
666 1861 838 1937 coniugum.

210 1943 356 2021 Ophelte,
379 1952 471 2018 tuque
493 1946 612 2020 rupium
635 1954 735 2004 custos
755 1945 866 2015 Zarex,

207 2030 392 2105 Patraeque,
415 2037 446 2086 tu
468 2030 630 2106 Trychata,
651 2038 743 2104 tuque
765 2047 858 2105 asper
879 2025 1001 2100 Nedon,

207 2115 251 2174 Et
273 2133 349 2173 saxa
368 2113 531 2189 Dirphossi
551 2115 652 2172 omnia
675 2123 704 2172 et
724 2113 881 2172 Diacrihm

208 2199 330 2277 Specus
351 2200 470 2258 hiantes
491 2208 581 2274 atque
603 2199 770 2276 Phorcynis
788 2199 870 2276 iuga,

209 2283 294 2359 Quot
314 2287 509 2343 fluctuantum
532 2286 639 2345 nenias
665 2285 845 2344 cadaverum
874 2318 878 2323 ι

208 2370 288 2430 (lum
307 2371 463 2446 dissipatis
489 2369 618 2430 audietis
636 2370 804 2448 puppibus:

209 2456 365 2532 Quantum
387 2456 545 2514 tumultum
568 2474 752 2514 murmurum
773 2454 967 2513 infraenahili

208 2541 463 2618 Reciprocantem
484 2541 631 2599 vorticum
654 2560 778 2617 spumas
801 2539 884 2598 salo:

209 2624 293 2699 Quot
318 2625 426 2683 deinde
444 2626 574 2685 thurinos
596 2627 692 2685 saucii
712 2625 909 2701 compagibus

209 2712 259 2770 Ad
282 2730 360 2770 saxa
381 2712 487 2770 fractis
513 2711 645 2784 verticis,
670 2730 747 2786 quos
771 2709 899 2767 caelitus

209 2795 314 2855 Noctu
334 2798 476 2855 rubentes
499 2796 659 2855 manubiae
683 2795 812 2853 obstitos
835 2802 983 2871 prement,
1079 2813 1082 2818 ⁴

207 2880 272 2941 Ubi
293 2882 364 2939 flore
383 2882 443 2939 iam
467 2882 661 2959 vertiginosis
682 2880 787 2939 Liberi

179 2976 185 2987 '
209 2966 340 3025 Lucebit
360 2960 490 3024 indicem
514 2967 705 3024 tenebrarum
726 2966 823 3023 facem

208 3051 298 3111 Ultor
320 3052 441 3109 nocenti
457 3051 587 3128 pervigil
611 3070 699 3109 curae
722 3050 858 3109 studens.

210 3139 253 3195 At
271 3137 351 3194 hunc
371 3145 404 3194 ut
423 3138 649 3195 amburvantem
673 3136 760 3211 aquis
782 3134 951 3193 alcedinem

210 3220 274 3279 Per
294 3240 372 3280 saxa
391 3222 495 3296 iniqu-a
515 3220 637 3279 velitem
660 3222 768 3280 fluctus
789 3221 867 3278 feret

210 3310 321 3366 Actum
342 3306 486 3383 procellis
507 3308 674 3366 intereras
698 3306 845 3383 duplices.

213 3390 366 3467 Gyrisque
387 3393 505 3451 siccans
524 3394 556 3450 in
578 3394 673 3470 petris
696 3393 762 3451 alas
783 3387 860 3448 mari

211 3476 308 3535 Multo
329 3478 496 3551 madentes,
515 3478 642 3536 alterum
664 3496 748 3537 mare
770 3474 889 3532 hauriet

210 3562 384 3638 Perpessus
406 3563 483 3621 ictus
507 3564 674 3621 stridente
693 3560 824 3631 fuscina,

210 3645 281 3720 Qua
301 3646 382 3705 ultor
402 3648 487 3706 illum
509 3648 671 3707 vulnerans
698 3645 857 3723 operarius

212 3730 291 3791 Cum
315 3733 394 3792 orcis
417 3732 519 3811 adiget
539 3733 652 3791 habere
670 3747 861 3791 communem
882 3728 996 3805 fugam,

211 3816 302 3876 Varro
321 3816 472 3880 ¹cucullum
489 3817 676 3875 blattientem
695 3809 809 3893 pipulo.
