2884 4650
723 547 872 643 A-

342 719 383 779 Et
407 736 484 792 quos
501 719 633 776 habebat
648 719 789 795 languor,
809 740 870 779 uno
893 718 1038 795 temporis

343 802 495 862 Damnum
518 813 547 861 et
570 804 698 862 salntem
721 810 947 879 consequuntur
969 803 1092 880 impetu.

342 888 490 964 Princeps
511 889 615 947 tributi
637 890 757 948 nomine
780 890 930 965 [c]nnctas
956 888 1064 948 civium

343 973 477 1047 Delibat,
496 974 575 1032 idem
598 983 734 1051 praestat
755 984 785 1034 et
806 983 886 1034 tutas
911 992 997 1049 opes.

343 1143 393 1201 52.
439 1140 487 1202 Sit
506 1144 566 1201 dux
586 1143 702 1220 peritus
723 1144 843 1202 ordines
866 1143 1044 1220 disponere:

342 1226 461 1286 Dierna
476 1235 576 1288 castra
597 1229 708 1288 muniis
732 1228 931 1306 distinguere:

342 1311 498 1371 Nocturna
519 1313 599 1371 vallo
624 1314 745 1391 cingere
766 1321 796 1372 et
811 1313 970 1372 'custodiar

343 1396 400 1456 Oui
420 1398 497 1456 Fors
519 1398 559 1456 sit
581 1417 705 1476 anceps,
729 1408 811 1458 certa
831 1399 937 1471 dnus,
959 1396 1010 1473 qui
1030 1395 1112 1472 capit

343 1480 538 1554 Occasiones,
562 1483 672 1559 quique
697 1483 799 1542 differt
818 1484 959 1562 impetus.

341 1566 442 1626 Pedes
465 1567 513 1626 sui
535 1568 576 1626 sit
595 1569 693 1627 factus
716 1569 755 1626 ad
776 1568 879 1628 iussus
901 1569 998 1642 ducis,

341 1652 496 1727 Frequens
518 1653 602 1710 adire
621 1654 719 1730 signa,
742 1673 812 1712 raro
837 1671 1007 1724 excurrere,

342 1736 425 1795 Raro
445 1737 577 1814 experiri
599 1738 726 1798 fortuita
748 1739 875 1815 praelia,

343 1819 405 1882 Sed
426 1841 460 1881 se
484 1823 541 1882 snb
562 1824 640 1900 ipsis
657 1825 811 1882 continere
833 1823 965 1884 sedibus.

340 1907 443 1982 liques
463 1927 571 1984 parare
591 1911 631 1968 sit
652 1909 734 1967 ceder
752 1909 922 1980 victoriam,

341 1991 399 2049 Vel
422 1993 526 2052 tardus
547 1995 592 2052 ita
611 1995 652 2054 sit
674 1996 792 2068 cedere,
815 2002 848 2052 ut
867 1993 1040 2052 constantia

342 2075 499 2137 Cunctatio
520 2080 570 2152 sit,
595 2089 626 2137 et
648 2088 747 2139 metus
769 2081 923 2138 velocitas.

340 2161 503 2223 Praestent
523 2165 640 2239 utrique
660 2172 780 2224 mutuas
801 2166 884 2224 vices
907 2163 977 2235 sibi,

339 2247 413 2306 Dux
434 2249 604 2326 copisrnm3
625 2250 733 2327 copiae
753 2251 845 2308 decus
867 2248 963 2308 ducis.

341 2331 404 2395 Sed
425 2334 605 2412 disciplinae
627 2332 772 2394 militaris
791 2336 963 2413 gloriaest,

341 2418 472 2494 Quando
497 2420 564 2479 duci
584 2420 655 2498 pins
676 2421 788 2494 fiditur,
808 2440 898 2496 quam
921 2418 1027 2494 copiis.

341 2587 393 2645 53.
436 2587 495 2661 Qui
516 2609 638 2649 cernere
659 2609 755 2665 aequo
774 2592 871 2649 Marto
890 2591 1120 2657 detrectaverat,

342 2671 520 2749 Ignavisns,
541 2677 720 2735 consciusne
743 2676 861 2748 virium,

340 2764 480 2833 Angusta
499 2778 642 2835 rumpens
662 2762 762 2820 factus
784 2770 832 2821 est
853 2760 1021 2819 andentior.

341 2839 398 2901 coi
419 2862 474 2917 par
494 2844 663 2924 phalanges
683 2846 838 2922 expedivit
857 2846 970 2905 exitum

339 2926 423 2985 Irats
444 2928 551 3002 virtus,
574 2930 623 2987 hic
642 2931 817 2990 tremendus
839 2931 970 3003 maxine
990 2937 1047 3001 est,

340 3008 439 3085 Quum
454 3012 527 3071 facit
546 3016 666 3075 animos
687 3024 771 3074 arcta
788 3016 967 3091 desperatio.

339 3096 390 3157 Ad
409 3097 595 3157 moliendum
617 3101 750 3159 maxima
770 3101 922 3159 efficacior

339 3179 544 3243 Necessitatis
564 3204 685 3256 norma,
708 3205 798 3261 quam
822 3187 942 3245 virentis
963 3194 1020 3245 ast

340 3350 393 3409 dt.
434 3352 543 3413 Plures
565 3354 597 3411 in
619 3355 693 3413 urba
711 3355 740 3413 si
762 3355 836 3413 boni
859 3356 930 3427 sint,
952 3374 1043 3430 qnam
1063 3352 1149 3426 meli,

339 3434 519 3511 Hominum,
541 3439 719 3514 quibuscum
738 3440 891 3517 nansigas
912 3458 1020 3499 aarum
1042 3448 1138 3511 tnum,

339 3519 513 3581 Fundus
533 3523 624 3583 debet
642 3542 714 3583 essa
735 3524 854 3584 eiectio.
1105 3524 1254 3603 [maor]

339 3601 430 3677 Quod
448 3606 476 3665 si
493 3608 568 3666 boni
594 3608 658 3667 siut
672 3608 818 3681 rarioroS,
839 3628 930 3683 quarn
951 3609 1037 3681 nali,

338 3689 466 3751 Frustra
485 3691 645 3769 cliguntur,
666 3693 728 3753 Pru
749 3694 867 3771 optino
888 3702 937 3753 sat
955 3694 1056 3753 ninus
1077 3694 1189 3755 maius.

103 4347 494 4509 ..f
