2884 4650
630 509 670 568 23

195 674 262 733 Nec
281 675 345 732 ulla
366 675 469 748 restis,
491 684 542 734 aut
563 677 670 736 colorii
689 677 778 736 funes

194 761 341 838 Plegulas
362 761 518 833 reducunt,
541 762 681 820 annulive
702 761 838 820 velaresz

195 845 258 906 Sed
278 846 348 904 sola
370 864 489 904 somnos
512 849 687 922 praebitura
708 865 833 906 securos

193 931 313 988 Aulaea
335 930 410 989 situs
433 949 602 990 araneosus
626 931 771 990 obtendit.

193 1015 255 1074 Pro
279 1014 424 1074 stramine
443 1015 497 1085 illi,
522 1017 706 1090 culcitoeque
728 1025 860 1074 tomento

195 1100 253 1157 Vel
278 1107 439 1159 scorteum.-
453 1109 600 1177 segestro,
623 1102 671 1159 vel
694 1119 790 1160 senex
809 1108 909 1173 cento,

193 1186 233 1244 Et
251 1205 307 1262 pro
330 1193 443 1261 tapete,
465 1204 582 1261 proque
604 1187 739 1264 coagula
763 1193 858 1258 veste,

194 1269 403 1329 Exfimbriatis
426 1270 563 1328 obsoleta
583 1271 703 1329 fratillis

194 1357 340 1428 Anusque
361 1355 459 1426 lodix,
482 1373 674 1432 gausapeque
697 1356 851 1426 detritum3

196 1438 465 1514 Substerniturque
488 1440 570 1498 mille
591 1442 719 1498 murium
743 1441 866 1516 praeda,

195 1528 239 1583 Ac
259 1524 424 1583 soricinum
446 1524 557 1584 linteus
579 1526 736 1597 minutale,

197 1609 255 1684 Qui
278 1609 378 1684 possit
400 1627 469 1668 esse
491 1611 677 1668 ruderarium
701 1611 846 1668 cribrum:

196 1694 338 1768 Idemque
359 1712 482 1752 mensae
502 1696 597 1753 servit
616 1715 693 1752 unus
717 1704 747 1753 et
767 1695 858 1767 lecto,

197 1779 320 1836 Mantile
342 1778 441 1838 nudae
461 1780 555 1838 servit
574 1790 604 1837 et
625 1781 703 1838 toral
724 1798 859 1838 mensae.

195 1862 243 1922 Ne
265 1863 465 1922 dormientem
486 1864 588 1923 laedat
609 1885 683 1922 aura
704 1873 860 1936 nocturna,

196 1949 286 2024 Quod
307 1949 350 2005 nil
373 1949 412 2006 sit
432 1949 488 2021 illi,
512 1950 563 2025 qui
585 1958 675 2026 caput
692 1958 776 2026 tegat
796 1957 898 2020 nocto,

195 2033 367 2092 Calvariam
386 2043 484 2092 armat
506 2035 708 2111 subligaribus
729 2034 859 2092 braccis:
892 2104 894 2107 Ι

195 2119 263 2178 Hoc
286 2118 445 2178 involucro
466 2128 573 2192 tectus,
596 2121 654 2178 hoc
677 2127 707 2176 et
727 2120 856 2176 amiectu

195 2202 425 2263 subsarcinatus
447 2204 485 2262 ad
504 2205 659 2262 meridiem
680 2204 788 2271 stertit,

195 2287 419 2366 compendiosa
438 2290 585 2349 sumtibus
605 2291 655 2349 via
673 2307 820 2367 parcens:

195 2376 316 2451 Quippe
336 2394 396 2431 una
417 2376 520 2451 opella
531 2376 669 2451 prandet,
686 2383 715 2432 et
730 2374 821 2433 simul
834 2380 952 2445 coenat,

194 2461 232 2517 Et
251 2460 358 2532 lentat,
383 2467 412 2516 et
434 2461 600 2531 merendat,
624 2469 713 2535 atque
735 2459 890 2518 comissat.

195 2543 300 2604 Coena
321 2546 389 2620 ipsa
409 2544 499 2622 frugi,
518 2544 713 2620 Socratisque
735 2544 939 2620 praescript03

195 2630 305 2687 Vinum
323 2648 405 2701 asse,
418 2631 508 2705 panis
523 2648 605 2702 asse,
624 2638 654 2688 et
670 2648 741 2689 asse
755 2628 951 2706 pulmentum.
977 2671 980 2678 .
1019 2642 1026 2654 ·
1056 2668 1059 2675 -

195 2714 325 2787 Ancilla,
348 2714 467 2788 qualem
492 2735 553 2773 non
576 2716 687 2773 habere
709 2714 893 2772 Moncaudus

195 2806 307 2859 Averet
329 2798 431 2871 aliam,
454 2799 513 2872 vel,
537 2801 562 2859 si
587 2808 699 2872 averet,
722 2799 802 2857 haud
823 2808 947 2876 posset3

196 2882 390 2943 Cadaverosa
410 2884 522 2957 fronte,
543 2886 682 2959 pendulis
702 2884 808 2956 labris,

196 2968 331 3041 Cariosa,
355 2987 455 3041 casca,
477 2968 581 3029 Troici
603 2990 720 3029 memor
742 2970 825 3041 belli,

196 3054 375 3113 Pannuceas
398 3054 502 3111 inore
525 3056 696 3129 praeferens
718 3074 820 3132 rugas.
898 3105 901 3109 Δ

195 3140 336 3197 Everrias
359 3139 433 3196 haec
454 3138 532 3196 forte
554 3140 595 3215 (si
616 3148 717 3198 tamen
741 3139 846 3215 verrit)

196 3224 427 3283 Protuberantis
451 3223 564 3301 colligit
586 3226 760 3299 pavimenti,

197 3307 303 3386 Scopis
328 3308 448 3381 solutis,
471 3317 523 3367 aut
541 3310 640 3368 inutili
663 3331 758 3369 ramo.

197 3393 282 3451 Haec
300 3401 398 3470 terget
418 3392 508 3466 ollas,
530 3394 636 3471 implet
657 3395 807 3471 hydriam:
830 3395 937 3453 sordes

197 3478 234 3535 Et
259 3486 377 3537 stercus
398 3477 499 3536 effert:
522 3480 595 3537 eluit
615 3480 806 3538 lavatrinam.

199 3562 385 3637 Quotiesque
405 3564 481 3621 tenti
502 3564 580 3622 vatis
604 3572 747 3623 aestuans
764 3564 876 3639 ingue'n

200 3645 407 3725 Singultientis
431 3648 536 3725 arrigit
556 3658 655 3707 tumor
675 3666 781 3719 venae,

199 3731 315 3791 Inemta
327 3732 430 3791 Venus
451 3733 521 3791 huie
540 3742 570 3791 et
590 3734 738 3809 parabilis
753 3739 877 3808 praesto
895 3740 952 3804 cst,
