2884 4650
1283 590 1402 651 153

359 754 720 823 Ἐπακτὸς
762 753 962 840 ὅρκος.
996 752 1283 840 Ἀρπαγὴ
1325 754 1401 818 τὰ
1446 751 1774 840 Κιννάρου.

365 839 868 923 Ἐπιμενίδειον
914 839 1133 923 δέρμα.
1176 837 1224 902 Γ
1226 844 1273 922 ῇ
1314 838 1555 923 κρύψας
1601 837 1635 902 ἔ
1680 862 1784 908 εις.

368 923 831 1009 Ἐρασινάδου
884 923 1230 1007 στρατηγία.
1264 919 1481 1006 Ῥῆσις
1522 922 1646 986 Σκυ
1695 929 1801 986 ῶν.

377 1007 808 1094 Ἐρεβίνθιος
844 1007 1167 1077 Διόνυσος..
1198 1006 1527 1092 Ἀνεμώνῃ
1580 1006 1784 1092 ῥόδον.

378 1091 790 1178 Ἐρετριέων
826 1089 982 1155 Ῥῶ.
1027 1091 1341 1176 Κύπριδος
1384 1093 1598 1155 κεστὸν
1649 1092 1876 1177 φέρεις.

374 1176 655 1263 “Ερμῆς
699 1177 1200 1261 ἐπεισελήλυθεν.
1255 1177 1470 1240 Φάνου
1511 1175 1720 1260 θύρα..

389 1261 688 1328 Εὖδοντι
734 1263 787 1324 δ’
835 1260 995 1345 αἴρει
1035 1262 1271 1346 κύρτος.
1304 1260 1512 1331 Ἄξιον
1553 1261 1781 1346 τριχός.

392 1345 695 1432 Εὕρημα
732 1344 1196 1430 Παλαμήδειον.
1235 1346 1393 1411 Ἀπὸ
1439 1348 1714 1429 γλώττης
1757 1347 1955 1431 φίλος.

399 1429 715 1515 Εὔριπος.
743 1425 956 1515 Ὕδωρ
1003 1432 1316 1539 βατράχιρ,
1367 1432 1535 1515 γαλῇ
1585 1430 1789 1514 στέαρ.

386 1515 499 1580 ‘H
545 1515 641 1586 αἲξ
685 1515 756 1578 τὸ
797 1517 1212 1599 κιννάμωμον.
1276 1517 1472 1584 Αννος
1515 1515 1820 1600 κρίβανον.

411 1600 761 1664 Θάλασσαν
804 1601 1062 1668 ἀντλεῖς.
1107 1596 1430 1682 Ἐγκεῶτις
1471 1599 1695 1683 ἡμέρα.

417 1684 783 1768 Θεαγένους
813 1682 1155 1748 Ἑκάτειον.
1197 1680 1344 1747 -Ἑπὶ
1386 1689 1562 1769 φακῇ
1604 1685 1816 1769 μύρον.

419 1768 665 1853 Θήλεια
704 1768 913 1839 τέττιξ.
974 1767 1098 1853 Τὴν
1137 1769 1315 1831 πόλιν
1357 1774 1558 1836 ποιεῖς
1599 1769 1806 1854 ἀγρόν.

420 1852 875 1939 Θρασύβουλος
913 1853 1138 1939 ἀχράδ’
1238 1854 1425 1917 σθιεν.
1470 1851 1733 1916 Μενετοὶ
1779 1853 1936 1918 θεοί.

407 1937 709 2021 Ἰαλέμου
758 1938 1157 2023 ψυχρότερος.
1196 1940 1208 1958 “
1248 1940 1553 2023 ππάρχων
1596 1938 1790 2007 πίναξ.

408 2021 590 2106 Ἱμὰς
632 2023 894 2092 κύνειος.
937 2021 1278 2108 Ἡμέτερος
1320 2024 1352 2086 ὁ
1401 2027 1745 2107 πυραμοῦς.

400 2102 628 2175 Ἵππος
665 2109 972 2193 χελώνην.
1019 2107 1201 2172 Θεῖον
1248 2107 1495 2193 ἐξαιροῦ
1537 2106 1741 2190 λόγον.

422 2190 751 2275 Κάθαμμα
798 2192 996 2255 λύειν..
1021 2190 1340 2277 Ἐγχέλεις
1382 2193 1760 2276 θηρώμενοι.

421 2275 650 2342 Κακῶν
691 2276 1003 2342 θάλασσα.
1052 2276 1287 2363 Τράγον
1333 2277 1642 2362 ἀμέλγειν.
1695 2275 1876 2362 Παρὰ
1919 2276 2123 2362 μέλος.

422 2360 602 2426 Κατὰ
638 2364 794 2445 μυὸς
835 2362 1118 2447 ὄλεθρον.
1156 2364 1316 2427 Ἀπὸ
1361 2365 1452 2432 δὶς
1494 2363 1647 2425 ἑπτὰ
1688 2385 1761 2425 κυ
1815 2363 1998 2426 άτων.

423 2445 600 2511 Κατὰ
646 2448 793 2531 ῥοῦν
832 2454 1171 2533 προχωρεῖ.
1216 2445 1341 2511 Ἱ’·“νν
1381 2471 1468 2532 χα
1510 2449 1700 2529 άδραν
1799 2446 1952 2530 ἰνόη.

425 2530 602 2595 Κατὰ
652 2535 737 2614 πῆ
790 2554 856 2594 υν
901 2532 1240 2595 ἐπιδίδωσι.
1342 2535 1408 2596 ὸν
1454 2470 1708 2617 grip-3003
1749 2532 1962 2615 χορόν.

425 2614 660 2699 Κέλμις
704 2555 973 2700 σίδηρον.
1024 2616 1188 2680 Ἀντὶ
1230 2619 1518 2701 σώματος
1565 2614 1720 2679 σκιὰ.

425 2698 706 2784 Κέπφος.
759 2700 1091 2786 Φαλακρὸς
1124 2699 1454 2771 Μυκόνιος.
1500 2700 1898 2784 Σκιαμαχεῖν.

425 2783 703 2869 Κίγκλοι.
749 2782 1099 2854 Καθεύδεις
1141 2786 1296 2855 ἅλας
1341 2786 1530 2870 ἄγων.
1565 2781 1752 2848 Ὄνου
1793 2784 2041 2856 πόκους.

426 2867 704 2937 Κιλίκιος
746 2868 1024 2954 ὄλεθρος.
1056 2866 1296 2955 ’Ὠσπερ
1346 2872 1408 2933 ἐν
1455 2857 1840 2938 Φειδειτίοις.

426 2952 769 3039 Κόθορνος.
803 2951 966 3025 Ἔξω
1013 2961 1134 3019 τῶν
1182 2955 1406 3019 ἐλαιῶν
1457 2953 1715 3041 ἐκφέρῃ.

427 3036 710 3107 Κολοιὸς·
741 3040 1112 3108 Αἰσώπειος.
1152 3036 1418 3125 Ἔσχατ’
1467 3040 1768 3125 ἐσχάτων.

427 3120 876 3209 Κορινθιάζειν.
924 3122 1010 3189 Τὸ
1063 3123 1328 3208 μέγεθος
1365 3127 1746 3193 κολοσσικὸς.

346 3239 354 3246 ·
428 3204 634 3294 Κόραξ
674 3208 939 3292 ὑδρεύει.
988 3207 1190 3272 Πάνθ’
1234 3210 1349 3273 ὑπὸ
1394 3209 1683 3274 Μύκονον
1728 3212 1888 3293 μίαν.

430 3288 680 3378 Κράδης
719 3293 1023 3378 ῥαγείσης.
1064 3290 1266 3358 Οὐδὲν
1315 3294 1377 3363 ἐξ
1425 3297 1504 3378 ἀγ
1545 3300 1619 3359 οῦ
1668 3295 1884 3378 λέγεις.

431 3373 735 3462 Κρείττων
788 3377 1285 3461 ἐπεισεληλυθεν.
1326 3376 1420 3442 Τὰ
1523 3381 1809 3443 αννάκου.

433 3458 668 3546 Κρῆναι
714 3464 1004 3527 λαλοῦσιν
1051 3462 1343 3546 ἀργύρου.
1386 3463 1862 3549 Σοροδαίμονες.

436 3542 617 3631 Κριὸς
661 3549 897 3632 τροφεῖ
944 3547 1253 3611 ἀπέδωκε.
1312 3546 1542 3613 Μοῦσα
1589 3546 1855 3628 Δωρική.

437 3627 739 3715 Κροκίδας
782 3633 1089 3717 ἀφαιρεῖν.
1134 3630 1263 3716 Ζῇν
1312 3635 1659 3719 χαραδριοῦ
1700 3630 1851 3714 βίον.

438 3711 677 3802 Κρόκης
716 3718 1038 3825 λατβέσθαι.
1084 3715 1538 3802 Ποικιλώτερος
1579 3716 1729 3775 ταώ·

444 3796 729 3866 Κύκνειον
769 3825 961 3886 ασμα.
1018 3799 1126 3887 Τῷ
1168 3802 1327 3888 θρίιρ
1370 3804 1477 3883 τὴν
1533 3797 1810 3884 ἔγχελυν.
