2884 4650
585 537 735 631 —75-

199 705 271 779 Illa‚
293 705 380 782 vagis
403 705 487 763 cuius
509 707 705 783 populatibus
728 707 812 764 invia
832 707 926 780 nulla,

200 793 304 865 Atque
328 790 427 849 omnis
448 790 548 848 fuerat
567 791 658 850 tellus
681 800 821 869 angusta,
841 791 993 851 latronum

201 875 369 947 Colluvies,
389 874 550 950 farumque
569 897 649 936 novo
672 876 796 935 ductore
817 878 981 953 maniplus,

199 961 301 1021 Unius
322 960 376 1018 vix
396 977 429 1018 se
450 960 609 1018 defensum
630 961 788 1030 maenibus
811 962 894 1020 urbis

201 1044 354 1108 Continet.
378 1043 507 1102 Illorum
525 1065 605 1104 nunc
627 1046 741 1122 praeda
764 1054 811 1104 est
834 1047 937 1120 obvia,
957 1066 1080 1122 quorum

199 1130 322 1188 Praedo
345 1128 411 1187 fuit.
435 1127 521 1202 Quod
538 1151 597 1188 non
620 1132 719 1204 toties,
743 1149 799 1188 nec
818 1138 903 1190 tanta
922 1151 1097 1210 peragras,

199 1216 323 1292 Perque
346 1213 476 1273 humiles
493 1215 639 1274 bacchata
659 1235 748 1276 casas
772 1217 912 1274 incendia
931 1226 1074 1295 regnant:

203 1301 293 1376 Quod
318 1298 392 1358 civis
415 1301 549 1376 propriis
568 1301 685 1374 fruitur,
710 1301 789 1378 quod
810 1319 888 1378 pace
910 1299 1051 1362 colonus:

205 1383 393 1445 Castanidae
414 1392 510 1442 totum
532 1387 648 1445 meritis
673 1386 809 1458 debetur,
834 1395 864 1444 et
885 1388 948 1459 uni,

202 1471 291 1546 Quae
314 1468 390 1527 nulli
411 1469 501 1542 cedit,
521 1471 569 1528 cui
590 1472 699 1530 cedunt
722 1472 836 1544 omnia,
858 1472 993 1531 dextrae.

200 1555 339 1614 Pictonic
362 1571 417 1612 sua
438 1555 548 1628 forma,
571 1563 623 1614 tua
645 1557 754 1615 virtute
774 1564 893 1630 renato,

192 1641 242 1701 Bt
263 1640 384 1716 priscus
407 1640 523 1715 patriae
545 1641 636 1698 rediit
655 1641 743 1718 vigor
766 1643 892 1701 artubus
914 1644 1025 1720 aegris.

203 1727 250 1784 Te
269 1725 356 1796 duce,
377 1724 547 1783 mercedem
568 1725 650 1784 lixae
672 1747 736 1785 non
756 1727 862 1802 pendit
881 1736 991 1801 arator*

201 1810 276 1870 Non
296 1828 405 1886 pacem
428 1809 518 1869 donis
540 1811 669 1884 redimit,
691 1832 754 1870 non
778 1830 848 1885 acre
868 1813 1009 1886 quietem.

203 1895 345 1970 Namque
362 1893 406 1952 tui
428 1913 573 1955 reverens
597 1889 739 1972 exempla
758 1896 924 1954 domestica
942 1897 980 1954 dc
1001 1906 1032 1954 te

202 1981 293 2040 Miles
313 1980 414 2049 habet,
439 1980 632 2055 sequiturque
655 1989 735 2053 tuos,
762 1988 795 2037 ut
820 1981 960 2053 classica,
983 2001 1097 2040 mores.

246 2065 274 2125 O
296 2063 384 2136 felix,
409 2064 435 2123 si
458 2065 506 2122 cui
532 2066 657 2124 stabiles
679 2065 816 2124 florentis
839 2067 964 2125 honoris

201 2150 346 2210 Asseruit
367 2149 472 2208 titulos
494 2150 661 2209 indelibata
682 2151 831 2226 voluptas.

204 2235 265 2297 Sed
285 2253 386 2310 neque
408 2235 553 2295 inoffensi
568 2236 655 2294 datur
675 2236 743 2293 aevi
766 2254 894 2293 currere·
907 2243 1016 2308 metas,

204 2320 371 2381 Continuat
395 2320 514 2378 sincera
530 2331 618 2383 tenor
640 2341 738 2396 neque
761 2321 871 2399 gaudia
892 2321 989 2380 nobis.

202 2407 346 2483 Namque
369 2405 428 2463 duo
451 2407 575 2466 meritas
597 2415 782 2465 temerarunt
803 2407 906 2465 omina
926 2407 1042 2478 laurus,

203 2491 289 2565 Quae
311 2500 488 2552 transversa
508 2492 567 2551 tuis
589 2492 779 2553 intervenere
797 2492 969 2567 trophaeis:

200 2576 300 2637 Filius
324 2578 384 2633 heu
404 2577 502 2651 pubes
524 2577 650 2654 indigna
670 2584 768 2634 morte
787 2585 963 2653 peremptus

201 2666 304 2739 Atque
327 2670 410 2719 tuum
433 2654 543 2719 carcer.
568 2663 622 2720 sad
644 2680 745 2720 carcer
768 2662 917 2738 sanguine
939 2662 1032 2722 multo

201 2748 371 2807 Pensatum
392 2747 495 2823 exegit
515 2748 596 2807 iusta
618 2747 809 2805 Rhamnusia
827 2766 943 2823 poena:

202 2832 245 2893 Ut
264 2833 383 2901 damnis
403 2838 456 2889 tua
472 2832 540 2891 laus
564 2850 705 2893 crescens
727 2832 896 2908 preciosior
920 2842 1011 2892 esset

203 2916 362 2978 Sordescit
379 2915 447 2995 laus
470 2918 508 2975 de
530 2936 636 2976 securo
655 2924 753 2995 parta.
782 2917 965 2993 Triumphus

202 3002 280 3061 Vilis
305 3002 372 3074 erit,
396 3000 443 3059 cui
462 3022 523 3061 non
545 3002 706 3078 proludunt
725 3003 851 3078 praevia
871 3003 990 3061 damna

203 3087 294 3147 Dicat
318 3087 468 3163 congestis
491 3095 637 3165 angustus
660 3088 772 3164 stragis
796 3089 924 3161 acervis,
1008 3098 1011 3102 '

205 3174 303 3249 Quam
323 3173 412 3250 pigra
432 3171 567 3249 Ligerim
587 3173 742 3249 propellat
764 3173 844 3231 mole
863 3174 1011 3251 Vigenna.
1061 3198 1064 3203 ·

203 3259 307 3319 Mersa
325 3264 396 3333 quot
419 3276 505 3315 arma
528 3258 636 3331 virum,
658 3266 730 3333 quot
749 3257 842 3316 fortia
864 3274 994 3334 corpora
1014 3256 1116 3315 volvit.

202 3343 267 3402 Iam
289 3348 338 3403 s‘at
355 3342 492 3401 finitimis
517 3344 641 3421 impunc
662 3343 801 3402 illuserat
822 3343 895 3413 oris,

204 3428 356 3488 Turonios
380 3428 490 3503 praedo
509 3427 649 3502 quatiens
671 3429 856 3505 equitatibus
878 3442 981 3503 agros.
1046 3471 1049 3475 r

203 3514 375 3573 Vindictam
399 3513 547 3589 exanguis
569 3513 686 3590 patriae
710 3514 859 3590 poscebat
876 3511 992 3587 imag03

203 3599 375 3657 Vindictam
397 3598 499 3657 lacera
518 3601 667 3674 poscebat
688 3599 784 3657 Filius
806 3596 923 3669 umbra,

203 3683 353 3744 Devotum
376 3684 478 3755 funus,
501 3684 599 3743 civilis
619 3684 742 3743 victima
762 3680 844 3738 belli.

203 3768 232 3827 It
252 3770 368 3846 campis
392 3787 509 3847 agmen.
532 3768 601 3829 telis
623 3768 775 3827 exercitus
798 3766 909 3825 ardens
