2884 4650
702 519 854 616 -ιιο-

322 682 361 748 Εἰ
383 683 424 766 μὴ
448 683 554 746 δύναιο
577 684 661 768 βοῦν,
683 682 794 748 ἔλαυν’
816 683 903 766 ὅμως
922 679 1001 744 ὄνον.

323 767 361 832 Εἰ
384 767 425 850 μὴ
449 767 593 851 φυλάξεις
613 767 651 831 τὰ
675 768 755 853 μίκρ’
779 769 906 834 ἀπολεῖς
925 765 962 828 τά
989 766 1125 848 μείζονα.

323 851 362 917 Εἰ
382 852 471 934 τυρδν
496 851 592 936 εἶχον,
618 852 675 915 οὐκ
697 852 733 915 ἂν
755 852 832 937 ὄψον
855 849 1041 914 ἐπεπόθουν.

323 935 465 1001 Εἴδωλον
490 934 587 1020 ἔργων
610 937 688 999 ἐστὶν
711 937 879 1021 ἀνθρώπου
902 933 1002 1017 λόγος.

323 1019 452 1104 Εῖλήφα
475 1020 669 1105 τυρόκνηστιν
693 1021 865 1090 ἀπιολεκὼς
886 1019 986 1082 πόλιν.

324 1102 378 1173 Εἰς
400 1104 608 1174 ἀσθενοῦντας
629 1105 769 1169 ἀσθενῶν
793 1104 943 1188 ἐλήλυθα.

323 1187 378 1257 Εἰς
401 1189 522 1252 δεῖπνον
546 1189 643 1273 ἄνδρα
664 1191 715 1253 τδν
729 1187 916 1276 ’Κυρηναῖον
936 1191 1049 1256 καλεῖς.

323 1272 379 1340 Εἰς
401 1272 500 1355 όλμον.
520 1274 603 1357 ῦδωρ
626 1274 736 1359 ἐγχέας
757 1277 897 1358 πλήττεις
917 1271 1009 1358 ἔχων.

324 1356 379 1425 Εἰς
400 1356 454 1425 τὰς
476 1359 845 1444 μαχαίραςήκονημένας
865 1360 979 1422 πεσών.

324 1440 379 1509 Είς
398 1441 452 1509 τὰς
474 1443 612 1525 μελίττας
635 1444 742 1527 ἀγρίας
763 1444 936 1526 ἐκώμασας.

324 1524 379 1593 Εἰς
400 1523 454 1592 τὰς
474 1527 593 1608 ὁμοίας,
614 1528 696 1611 φιλε,
719 1529 818 1613 λαβὰς
842 1528 1004 1612 ἐλήλυθας.

320 1608 377 1673 Ἐκ
399 1611 513 1678 παντὸς
529 1607 647 1694 Ἑρμῆς
667 1612 703 1674 οὐ
726 1613 870 1696 γενηθείη
894 1612 996 1682 ξύλου.

324 1691 380 1757 Ἐκ
401 1697 455 1756 τοῦ
481 1694 554 1778 βοδς
575 1697 625 1757 δεῖ
642 1697 715 1765 τοὺς
737 1699 863 1780 ἱμάντας
887 1698 1063 1782 λαμβάνειν.

323 1774 380 1841 Ἐκ
401 1781 456 1839 τοῦ
480 1780 554 1863 όρφῖν
576 1779 632 1863 γὰρ
656 1781 746 1862 γίνετ’
772 1781 947 1865 ἀνθρώποις
968 1780 1051 1864 ἐρᾷν.

318 1859 472 1931 Ἕκαστος
488 1865 578 1947 ήμῶν
601 1864 638 1927 ού
659 1865 783 1947 γέγονεν
808 1868 892 1950 αύτῷ
913 1864 1016 1948 μόνον.

321 1945 411 2012 Ἐκεῖ
431 1947 590 2030 βλέπουσα
616 1948 701 2032 δεῦρ’
728 1952 805 2014 άνίει
826 1951 853 2013 τ’
878 1949 990 2031 ἀγαθά.

318 2029 649 2115 ἝκητιΣιιλοσῶντος
671 2033 859 2119 εύροχιορία.

320 2114 440 2199 Ἐκυψε
465 2122 536 2199 σιγ”
553 2121 686 2200 πρῶτον,
712 2122 812 2204 ὥςπερ
837 2116 989 2203 Τήλεφος.

325 2198 499 2284 Ἐλευθέρα
512 2142 676 2285 λόόρκυρα.
701 2203 769 2288 χέζ’
797 2203 875 2266 ὅπου
894 2203 1005 2272 θέλεις.

323 2285 414 2369 Ἐμοὶ
436 2285 471 2348 δέ
493 2288 573 2371 λῷον
598 2287 674 2370 αἷμα
695 2288 837 2373 ταύρειον
861 2293 950 2351 πιεῖν.

322 2370 415 2452 Ἐμοὶ
437 2372 565 2454 μελήσει
582 2378 679 2437 ταῦτα
697 2375 749 2436 καὶ
769 2378 893 2442 λευκαῖς
914 2372 1028 2457 κόραις.

324 2455 424 2536 Ἐμοῦ
447 2455 595 2524 θανόντος
613 2462 686 2539 γαῖα
708 2458 849 2543 μιχθήτω
872 2458 953 2541 πυρί.

322 2538 474 2622 Ἔμπορε,
494 2542 716 2606 κατάπλευσον.
737 2544 855 2612 ἐξελοῦ.
877 2544 1073 2626 πεπράσεται.

326 2622 379 2689 Ἐν
400 2622 468 2707 ἀέρι
489 2627 593 2688 τεκαὶ
614 2627 718 2711 δρόσῳ
742 2628 929 2710 σιτούμενος.

326 2706 379 2773 Ἐν
401 2714 442 2791 γή
465 2708 613 2773 πένεσθαι
637 2716 765 2795 μᾶλλον,
787 2714 807 2796 ή
831 2714 1023 2775 πλουτοῦντα
1044 2713 1142 2775 πλεῖν.

326 2790 379 2857 Ἐν
403 2794 484 2855 νυκτὶ
503 2796 599 2878 βουλὴ
623 2802 687 2866 τοῖς
713 2804 837 2882 σοφοῖσι
856 2798 979 2879 γίνεται.

320 2875 378 2941 Ἓν
403 2878 453 2942 δεῖ
473 2877 502 2938 ο)
520 2878 648 2943 ἑλέσθαι
664 2886 724 2945 τῶν
745 2886 835 2965 τριῶν
861 2879 1072 2965 Θηραμένους.

327 2960 379 3026 Ἐν
402 2962 484 3026 νυκτὶ
507 2966 656 3047 λαμπρός,
677 2967 708 3028 ἐν
735 2969 808 3051 φάει
833 2964 863 3029 δ’
887 2966 1059 3049 ἀνωφελὴς.

327 3046 380 3111 Ἐν
403 3046 493 3109 παντὶ
517 3046 606 3131 μύθῳ
625 3052 677 3113 καὶ
695 3053 730 3115 τὸ
750 3052 907 3114 Δαιδάλου
932 3050 1036 3133 μύσος.

326 3131 380 3197 Ἔν
401 3134 568 3215 πλησμονή
590 3134 624 3195 δέ
643 3132 770 3219 Κύπρις,
794 3135 825 3197 ἐν
847 3140 974 3199 πεινῶσι
994 3134 1022 3196 δ’
1042 3132 1088 3195 ού.
1177 3178 1183 3185 -

327 3215 380 3280 Ἐν
403 3220 466 3285 τοῖς
486 3216 635 3299 ἀμούσοις
657 3221 709 3282 καὶ
726 3216 868 3302 Κόρυδος
889 3218 1064 3305 φθέγγεται.

328 3299 380 3366 Ἐν
403 3306 467 3370 τοῖς
488 3303 625 3371 κολοιοῖς
652 3305 693 3387 μή
719 3304 854 3385 ἀρίστευ’
876 3302 975 3372 αἰετός.

328 3383 381 3449 Ἐν
404 3393 448 3471 τῷ
470 3386 557 3471 μέρει
574 3388 622 3456 ,τὶς
640 3390 692 3450 καὶ
714 3389 748 3451 τὸ
772 3394 833 3473 πῦρ
852 3389 1061 3452 σκαλευσάτυν.

329 3466 381 3532 Ἐν
405 3478 449 3555 τῷ
470 3471 622 3556 πίθῳτῆν
643 3473 810 3556 κεραμικήν
834 3475 1028 3555 διδάσκομαι.

324 3550 456 3618 Ἔνεισιν
482 3556 512 3618 ἐν
538 3557 668 3621 δειλοῖσι
691 3556 856 3639 κάνανδροι
876 3557 973 3639 λύγοι.

278 3646 284 3657 ’
326 3635 447 3702 Ἔνεστι
465 3638 521 3724 κᾷν
542 3642 677 3726 μύρμακι
694 3621 748 3726 κήν
774 3642 881 3727 σέρφῳ
898 3642 990 3727 χολά.

326 3720 418 3789 Ἔνθ’
443 3723 514 3787 οὔτε
531 3726 653 3809 ,μίμνειν
676 3726 798 3810 ἄνεμος,
820 3726 889 3791 οὔτ’
914 3726 1034 3789 ἐκπλεῖν
1056 3723 1103 3808 ἐᾷ’.
