2884 4650
724 525 875 618 Alti—

346 690 397 752 Se.
442 689 522 765 Quid
542 693 631 770 ergo?
743 718 746 727 ·

249 787 253 796 ’
347 774 397 836 Se.
440 776 536 835 Latus
558 777 722 836 occidentis
746 797 837 837 omne
861 779 1087 856 vestigavimus.

347 858 398 920 Se.
441 861 608 922 Habesne?

347 944 398 1006 Se.
441 946 568 1005 Multum
588 947 715 1009 laboris:
735 947 810 1005 nihil
831 948 906 1006 mihi
927 949 1008 1006 ultre
1029 967 1063 1007 se
1085 948 1207 1006 obtulit.

347 1029 398 1092 Se.
440 1031 519 1105 Nec,
537 1032 657 1108 uspiam
679 1032 780 1108 ipsam
804 1032 881 1091 solis
904 1033 1040 1093 Orientis
1061 1033 1189 1111 plagam
1367 984 1369 1125 l

340 1117 455 1176 Existit
473 1117 553 1175 ullus
575 1118 633 1175 rite
670 1117 721 1192 qui
744 1125 897 1176 monstret
919 1119 1001 1176 mihi.

658 1203 685 1258 1.
707 1201 839 1278 Stroplta
860 1203 959 1263 XIII.
1072 1209 1074 1214 ’

348 1284 403 1345 ch.
449 1285 526 1361 Quis
549 1305 632 1364 ergo,
657 1287 724 1360 quis
747 1287 832 1360 mibi,

347 1370 422 1444 Quis
446 1370 597 1428 hominum
620 1370 762 1448 vigilibus

323 1510 324 1513 ,
348 1456 427 1514 Meri
449 1455 583 1532 speculis
603 1457 726 1529 sedens,

348 1538 558 1617 Caelivegisve
576 1541 634 1600 viis

350 1622 461 1684 Soleus
484 1644 561 1701 quse
579 1625 659 1697 Dea,

347 1708 577 1769 Fluminibusve
597 1711 709 1768 freten-

349 1795 448 1854 esibus
470 1796 568 1852 ferum
588 1797 684 1856 virum
705 1795 777 1852 inde

349 1877 453 1940 Sicubi
474 1881 548 1939 vidit
569 1901 624 1959 pa-

348 1965 486 2039 lantem,
510 1967 563 2025 ubi
583 1974 640 2038 est,
661 1965 787 2024 nuntiet.

349 2049 449 2110 Grave
471 2051 563 2109 fuerit
586 2052 676 2124 enim,
701 2051 728 2110 si

346 2135 426 2195 Post
444 2143 486 2196 tot
505 2136 628 2196 labores
651 2153 744 2212 vagos

348 2220 448 2280 Cursu
470 2242 532 2280 non
554 2221 640 2298 potui
663 2220 797 2295 assequi.

347 2309 406 2366 Ast
423 2326 471 2365 me
495 2307 648 2367 homiuem
669 2304 863 2378 imbecillem,
885 2304 937 2363 ubi
960 2311 1090 2363 estnon
1114 2321 1255 2364 cernere.

348 2392 420 2450 Tec.
452 2392 524 2451 Heu
545 2412 605 2466 me,
627 2394 686 2450 heu
708 2395 772 2450 mel

349 2476 404 2537 ch.
449 2478 518 2537 Heu
540 2479 633 2555 quoia
656 2496 718 2536 vox
740 2476 816 2534 baec
828 2494 977 2553 proxume
994 2493 1150 2533 enemore
1172 2477 1273 2535 exiit?

349 2561 422 2621 Tec.
451 2563 521 2622 Heu
542 2584 591 2623 me
614 2564 772 2621 miseraml

350 2646 405 2707 ch.
451 2647 604 2725 Sponsum
625 2648 777 2707 misellum
798 2646 909 2705 bellica
931 2652 1051 2721 ceptam
1075 2664 1169 2704 manu

281 2729 333 2783 895
349 2731 448 2790 Video
471 2734 668 2795 Tecmessam
688 2734 814 2810 paribus
833 2731 957 2788 affinem
973 2729 1073 2789 malis.

350 2816 423 2878 Tec.
451 2817 545 2891 Perii,
556 2820 666 2890 occidi3
680 2826 780 2877 actum
795 2825 854 2876 est:
866 2816 940 2887 vite,
954 2815 1054 2886 amici,
1067 2824 1177 2873 exacte.
1188 2834 1271 2874 sum.

351 2900 406 2961 Ch.
451 2902 532 2977 Quid
545 2912 592 2963 est
602 2904 694 2963 novi?
714 2904 786 2963 Tec.
798 2903 880 2961 Aiax
891 2901 983 2962 caede
995 2900 1154 2959 confectus
1173 2920 1271 2972 nove,

350 2989 435 3045 Iacet
455 2996 597 3047 cruentus
622 3008 695 3047 ense
714 2989 825 3046 furtivo
846 2987 1005 3045 incubans.

690 3075 719 3131 ⁴2.
740 3072 870 3149 Stropba
895 3070 929 3129 V.

352 3157 407 3217 Ch.
439 3156 488 3215 De
505 3157 604 3215 reditu
624 3166 724 3215 actum
745 3167 793 3216 est
806 3158 857 3215 mi.

349 3244 500 3303 Interficis
524 3242 615 3301 istum

350 3329 449 3388 Tuum
475 3327 619 3400 sodalem,
639 3328 774 3404 inquam,
1361 3355 1362 3392 1

351 3414 443 3488 Aiax,
465 3435 483 3473 0
505 3414 608 3487 miser,

354 3499 381 3558 Ο
404 3500 498 3559 miser
519 3498 641 3558 femine.
1360 3461 1362 3548 l

352 3581 425 3643 Tec.
453 3584 495 3644 Ut
514 3586 585 3663 ipss
601 3603 651 3643 res
674 3591 721 3645 est
743 3592 825 3657 nats,
851 3604 931 3643 nunc
951 3602 1072 3662 gemere
1097 3583 1238 3643 addecet

352 3666 407 3727 ch.
452 3668 514 3729 Sed
533 3671 625 3746 quoia
647 3670 685 3728 ed
703 3670 782 3727 hauc
800 3690 864 3727 rem
880 3678 926 3729 est
939 3688 1014 3728 usus
1031 3669 1140 3727 infelix
1154 3671 1274 3729 manu?

353 3752 425 3813 Tec.
455 3750 518 3811 Sua
535 3753 603 3831 ipse
623 3756 740 3826 dextre,
755 3762 851 3814 utres
870 3755 968 3813 docet.
992 3754 1073 3829 quod
1093 3762 1123 3812 et
1145 3755 1274 3830 quidem
