2884 4650
559 513 710 608 —tiiil-

221 681 293 740 Hoc
316 680 437 753 melius,
458 683 537 756 quod
556 702 620 742 non
642 683 690 741 his
712 681 850 759 graviora
870 683 964 745 vides.

175 767 279 843 thue
300 765 361 823 Dei
379 764 492 824 famulo
514 786 573 825 uon
587 767 694 843 Hippo
717 768 880 842 superstite
901 777 989 845 capta
1012 777 1070 844 est,

220 851 320 926 Quum
343 858 480 925 quateret
501 851 633 927 Libycas
656 851 813 910 Vandalus
834 852 929 912 hostis
951 873 1037 930 opes,

174 937 310 996 Indulsit
328 935 384 993 tibi
405 936 450 994 sic
470 937 646 1012 praesentia
666 935 821 1006 Numinis,
841 938 900 996 isto

219 1019 353 1081 Cernere
372 1039 414 1084 ne
430 1039 544 1096 posses
567 1022 710 1080 ulteriora
732 1021 820 1080 malo.

175 1112 277 1181 Atque
302 1106 417 1162 utinam
438 1106 553 1165 celeres
574 1107 695 1183 rapiant
715 1107 823 1182 procul
844 1107 950 1165 emina
969 1109 1063 1182 venti,

217 1192 260 1250 Et
280 1189 386 1267 potius
406 1191 535 1249 mendax
559 1191 681 1249 finxerit
697 1192 759 1250 ista
780 1201 887 1252 metus.

177 1275 240 1338 Sed
265 1284 296 1333 te
315 1275 447 1346 felicem,
469 1278 520 1350 qni
542 1297 604 1334 non
627 1276 801 1351 spectacula
823 1295 970 1353 praesens

220 1363 287 1420 Ista
307 1361 416 1437 gemis,
438 1361 486 1418 vel
508 1381 569 1420 non
589 1361 743 1419 deteriora
765 1363 873 1420 timess

175 1444 247 1505 Nos
266 1445 417 1516 infelices,
438 1453 491 1502 tua
510 1465 587 1520 quos
610 1447 750 1504 absentia
773 1447 852 1506 euris

219 1531 300 1602 Urit,
324 1537 354 1588 et
374 1529 564 1589 immemores
587 1551 646 1588 non
667 1531 830 1590 sinitesse
850 1532 903 1590 tui.

177 1615 348 1691 Osqueties
368 1615 470 1672 animo
492 1615 684 1673 venerandae
707 1617 819 1675 frontis
844 1617 957 1696 imago,

218 1701 259 1758 Et
279 1699 399 1776 pulchri
421 1701 541 1777 species
563 1700 626 1759 oris
646 1702 777 1760 honeste
796 1703 886 1775 subit,

176 1787 217 1845 Itt
236 1784 349 1862 placidi
374 1803 486 1857 mores,
510 1793 541 1842 et
559 1786 644 1842 fandi
664 1786 765 1844 lactea
786 1805 875 1860 vena,

218 1872 260 1929 Et
276 1889 341 1927 non
359 1887 476 1928 moroso
497 1871 591 1928 tincta
612 1869 736 1944 loquela
756 1870 837 1929 salet

178 1957 205 2016 Ο
228 1954 349 2030 quoties
370 1954 479 2029 plenae
500 1955 706 2013 moderantem
727 1955 815 2012 frena
834 1973 966 2014 coronae

219 2038 388 2114 Obstupuit
408 2039 510 2099 verbis
529 2040 662 2115 pendula
680 2041 769 2107 turba
787 2040 860 2098 tuisl

92 2146 95 2150 ⁴
175 2127 219 2188 Ut
240 2133 270 2183 te
296 2132 459 2200 spectaret,
480 2125 609 2200 patriam
630 2145 690 2182 non
709 2124 848 2200 linquere
870 2123 1018 2197 Graecus,

218 2209 363 2270 Sarmata
381 2229 444 2268 non
462 2209 571 2286 longas
594 2211 711 2268 horruit
732 2211 777 2268 ire
798 2211 874 2268 vias.

175 2295 310 2357 Mollivit
331 2302 433 2355 tantus
457 2295 615 2372 spectandi
639 2313 750 2355 caussa
766 2295 906 2355 labores:

217 2383 259 2440 Et
280 2379 393 2441 Sebam
415 2400 533 2439 merces
554 2381 620 2439 sola
644 2381 747 2439 videre
769 2381 836 2438 fuit.

175 2470 217 2526 At
238 2467 312 2542 quia
333 2484 390 2523 nec
406 2466 501 2525 nobis
515 2466 621 2523 doctae
642 2466 802 2523 dulcedine
815 2466 956 2542 linguae,

217 2550 397 2609 Praesentis
421 2552 487 2610 vivo
510 2569 566 2609 nec
587 2552 675 2608 datur
697 2570 751 2609 ore
775 2550 846 2623 frui,

175 2635 267 2695 Nunc
289 2644 431 2713 superest
451 2636 542 2696 cultis
564 2644 681 2695 mentes
703 2636 861 2693 advertere
880 2634 979 2706 libris,

216 2722 259 2781 Et
277 2721 478 2796 quodcunque
497 2722 570 2799 vigil
585 2739 665 2779 cura
687 2721 807 2797 paravit
831 2739 917 2797 opus.
957 2754 958 2761 κ
1013 2775 1019 2791 ,

176 2809 212 2866 In
233 2808 344 2884 quibus
366 2814 398 2863 et
415 2806 517 2865 foetus
538 2826 632 2883 supra
648 2814 739 2882 caput
760 2806 867 2864 extulit
888 2822 995 2864 omnes

216 2892 276 2950 Ille
297 2900 415 2949 tuorum
436 2910 560 2968 eperum
582 2910 700 2950 summa
721 2899 870 2967 caputque
892 2891 984 2961 liber3

176 2976 242 3052 Quo
261 2976 419 3054 penetrale
438 2975 522 3034 Noui
541 2985 695 3037 reseratur
719 2976 877 3049 Foederis,
896 2976 928 3035 in
951 2993 1026 3050 quo.

218 3062 373 3121 Discussa
393 3062 491 3119 lucem
512 3070 598 3119 nocte
622 3061 724 3119 videre
746 3060 841 3119 datur.

176 3146 236 3206 Hie
259 3147 351 3207 nobis
374 3145 457 3218 Seba
476 3155 534 3219 est,
558 3145 864 3223 Sebamspeetam'us
885 3146 917 3202 in
938 3144 1004 3201 illo.

219 3232 319 3291 Totus
339 3232 369 3289 in
392 3232 451 3291 hoc
469 3232 594 3307 speculo
614 3229 695 3291 Seba
714 3232 860 3291 videndus
884 3230 979 3287 adest.

176 3316 246 3375 Non
266 3318 329 3375 alia
350 3324 408 3389 est,
429 3335 507 3392 quae
527 3325 558 3374 te
578 3317 813 3394 praesentiaque
835 3334 888 3374 ora
908 3312 1045 3381 reducat,

217 3402 407 3479 Usurpanda
424 3402 521 3461 oculis
544 3402 627 3478 picta
644 3401 759 3459 tabella
778 3401 864 3461 meis.

175 3488 302 3563 Iamque
322 3487 401 3546 vale.
421 3487 528 3546 Toties
553 3488 627 3545 mihi
647 3504 734 3545 mens
758 3495 787 3545 te
809 3484 904 3561 fingat
925 3481 1049 3555 adesse,

218 3573 255 3631 In
276 3572 367 3630 libris
389 3573 509 3647 quoties
528 3572 662 3631 haeserit
675 3572 730 3629 illa
751 3570 820 3628 tuis.

329 3666 403 3717 Obiit
421 3661 489 3717 1605
508 3668 575 3717 xm
596 3666 686 3717 Octoh.
