2884 4650
710 629 861 638 ..-.—-—-

370 722 443 781 Eius
465 717 608 796 exprimit
629 735 690 774 ore.

268 823 273 828 “
329 811 418 870 Hanc
437 805 525 864 nefas
549 804 615 862 sine
637 817 777 876 compare

373 891 518 952 Solitaria
539 887 688 947 caelibum

371 978 454 1036 More
475 983 611 1050 tempora
632 973 752 1040 ducere,

371 1060 439 1120 Nec
461 1061 518 1118 tori
537 1061 631 1128 bona,
653 1074 710 1114 nec
729 1069 798 1113 mea

373 1145 475 1204 Nosse
496 1143 631 1220 praemia
651 1148 748 1200 natos.

330 1230 404 1291 Non
427 1230 472 1289 eis
495 1229 560 1300 tibi,
584 1246 646 1285 non
667 1227 711 1284 eis

373 1315 457 1375 Nata
478 1314 542 1372 filia
562 1313 692 1390 legibus,

375 1401 418 1461 Ut
439 1399 518 1457 domi
542 1396 653 1456 sterilis
678 1395 789 1454 sedens

378 1483 559 1560 Carperetnr
579 1481 702 1540 inutiles

375 1570 470 1646 Virgo
492 1567 604 1627 nubilis
627 1584 736 1624 annos.

334 1655 457 1731 Quaere
477 1653 528 1728 qui
549 1652 675 1728 propria
692 1659 777 1708 tuum

377 1739 495 1825 Fuiciat
517 1738 596 1796 serie
618 1755 725 1814 genus,

377 1823 423 1882 Te
447 1823 606 1900 nepotibus
626 1827 736 1899 augeat

378 1907 477 1984 Seque
498 1908 629 1966 sufficiat
647 1908 712 1978 tibi,

379 1993 424 2052 Te
447 1994 547 2070 perire
569 1992 707 2050 vetand0.

335 2079 382 2138 En
403 2089 526 2154 paratus
549 2078 636 2136 adest
657 2076 724 2150 tibi,

378 2163 457 2221 Vota
478 2165 530 2238 qui
549 2169 673 2238 superet
695 2169 748 2220 tua

378 2248 514 2306 Patrium
537 2249 682 2306 decorans
706 2248 802 2306 solum

381 2332 513 2410 Gaspm,
537 2340 567 2391 et
589 2332 703 2392 Frisios
725 2353 795 2393 suos

312 2440 315 2451 ⁴
379 2419 472 2477 Flore
494 2418 593 2497 gentis
617 2419 729 2477 avitae:

338 2503 447 2579 Qualis
471 2504 509 2561 ad
531 2504 657 2561 vitream
681 2504 794 2562 Thetin

381 2588 473 2646 Venit
492 2589 641 2648 Aeacides
665 2608 762 2663 suam,

382 2671 488 2750 Nupta
504 2693 563 2748 qua
580 2674 690 2750 cupido
710 2675 782 2733 data
800 2681 846 2733 est

383 2756 480 2817 Nocte
501 2758 618 2817 lucibus
644 2760 783 2818 omnibus

384 2842 511 2919 Semper
533 2843 740 2917 anteferenda,

341 2928 482 2987 Prodeat.
508 2929 706 3003 nequeenim
729 2947 824 2988 mora.

384 3012 564 3090 Coniugalia
585 3014 729 3073 suavibus

383 3098 503 3175 Pangat
525 3098 632 3158 oscula
654 3099 760 3171 saviis,

384 3183 584 3259 Brachiisque
604 3184 762 3242 tenacibus

386 3266 472 3326 Colla
495 3269 608 3326 vinciat
629 3271 746 3328 Annae.

343 3352 444 3412 Verba
466 3373 504 3412 ne
524 3361 646 3412 careant
671 3354 743 3426 fide,

388 3438 493 3511 Ocius,
513 3440 608 3514 pueri,
632 3440 689 3497 hnc
708 3457 765 3515 age

386 3521 553 3581 Conuenite
572 3522 748 3601 Cupidines.

387 3608 444 3679 Ite,
465 3608 582 3683 spicula
605 3607 754 3685 stringite,

351 3728 355 3739 ·
387 3692 536 3769 Expedite
556 3695 725 3771 pharetras.

348 3777 419 3853 Qua
437 3777 538 3836 fidelia
563 3778 688 3856 cuspide
