2884 4650
704 563 855 659 —24-4—

321 722 409 791 Ἐπ’
432 725 497 790 ἀντ’
522 727 660 795 ὀνείδους
680 726 711 789 τ’
734 728 845 811 ἀξίωμ’
871 726 1012 797 ἀναξίων.

327 808 392 873 Ούκ
415 807 478 873 ἔστι
498 810 607 897 κέρδος
630 812 740 895 ζημίας
763 812 866 875 ἀλλων
891 810 974 895 ἀτερ.

324 891 459 978 Ἔνδεῖγ’
484 896 595 981 ἀσώτῳ
618 897 731 977 πολλὰ,
753 897 850 959 πάντα
872 896 995 981 κίμβικι.

326 978 424 1041 Φύσει
446 980 592 1065 διάδοχος
612 980 717 1049 πιστός
739 981 829 1058 ἐστιν,
853 980 890 1042 ού
913 987 1029 1066 γραφῇ.

325 1060 379 1173 Τηῑ
401 1062 481 1147 μέγα
500 1068 662 1211 φρονοῦντι
680 1067 776 1148 λῆσῖς,
796 1063 914 1132 ἀδικίας
936 1065 1018 1134 ἀκος.

326 1143 436 1211 Οικτου
459 1148 516 1232 βοη
541 1153 578 1211 οῖι
599 1147 730 1232 δεομένη
755 1149 833 1231 δίκη,
855 1150 945 1232 κακή.

325 1230 457 1301 Φύσεως
477 1233 639 1317 ἀποτρίβον
662 1256 690 1294 τι
708 1234 881 1318 φάρμακον,
903 1233 1008 1297 κακόν.

325 1312 362 1378 Τ’
386 1317 554 1400 ἀλλοτρίων
577 1316 715 1399 σύνηθες,
737 1317 834 1399 ἡδονὴ
857 1319 946 1398 κακή.

323 1396 425 1464 Κακαί
448 1400 554 1547 χύσεις
578 1400 634 1463 ούκ
656 1401 770 1469 ἐνδεεῖς
792 1402 990 1464 διδασκάλου.

325 1480 391 1548 Οὐκ
414 1486 449 1568 ὀρ
473 1486 518 1562 δν,
542 1484 560 1547 ὅ
581 1508 608 1547 τι
629 1485 665 1567 δὴ
686 1486 848 1568 πράττεται
864 1486 960 1548 πίστει
978 1484 1081 1571 τύχης.

324 1566 368 1632 Τδ
391 1569 502 1654 κράτος
521 1568 596 1630 ἴδιον
619 1568 725 1632 ύλλυσ’
747 1570 764 1631 ὁ
784 1569 984 1653 προστάσσων
1006 1576 1118 1641 κακῶς.

324 1649 385 1716 Τὸν
410 1653 510 1734 ίατρδν
533 1652 589 1715 ούκ
610 1650 643 1715 εύ
668 1654 814 1738 διάδοχον
835 1655 852 1716 δ
872 1657 971 1715 νοσῶν
991 1656 1112 1740 γράφει.

321 1731 358 1799 ‘0
386 1738 427 1820 μὴ
452 1738 619 1820 δυνάμενος
641 1735 675 1799 εύ
697 1737 814 1814 θανεῖν,
833 1742 936 1805 κακῶς
958 1737 1029 1821 βιοῖ.

322 1818 390 1883 Ἀεὶ
411 1822 532 1906 βιώσειν
555 1822 747 1904 προσδοκῶν,
767 1828 868 1889 κακῶς
882 1821 953 1905 βιοῖ.

322 1902 428 1989 Χείρω
453 1904 543 1987 λύγον
567 1907 750 1991 βλάσφημον
772 1905 922 1989 ἑρμηνεὺς
941 1912 1033 1969 ποιεῖ.

322 1984 447 2053 Κακούν
469 1988 592 2052 θέλοντι
614 1989 768 2074 πρόφασις
791 1990 848 2053 οὐκ
867 1989 1049 2054 ἐλλείπεται.

324 2071 416 2137 Ποιεῖ
431 2074 585 2158 πονηροὺς
605 2074 684 2159 ἦθος
704 2075 867 2157 ἀχάριστον
891 2074 988 2156 θαμά.

317 2156 410 2221 Ἧθει
432 2164 559 2243 πονηρῷ
579 2158 660 2226 σῖτύς
679 2158 742 2220 ἐστ’
768 2159 830 2220 ίδία
853 2157 951 2242 φύσις.

320 2239 458 2327 Ἀνδρῶν
480 2247 619 2324 γυναῖκες
638 2244 806 2326 κρείττονες
825 2244 926 2329 βουλῇ
937 2248 1028 2329 κακῇ.

322 2323 448 2411 Βοολῖης
469 2332 565 2411 κακῆς
585 2334 630 2412 τῷ
649 2326 730 2390 δύντι
752 2330 907 2409 πάγκακον
930 2329 1028 2396 τέλος.

317 2409 359 2476 Ἣ
383 2414 424 2496 μὴ
447 2417 596 2496 τραπῆναι
621 2411 774 2496 δυναμένη
800 2411 909 2497 βουλὴ,
928 2414 1017 2496 κακή.

321 2494 461 2560 Ἔσθλῶν
486 2497 648 2580 ὑποκριτὴς
669 2497 684 2559 ὁ
707 2495 802 2564 κακύς
822 2497 885 2559 ἐστι
906 2498 1072 2578 πάγκακος.

322 2579 429 2644 Αύτού
449 2581 479 2662 γ’
505 2580 588 2642 ἕκατι
609 2583 752 2665 χρηστὸς,
777 2580 924 2644 αύδάσθω
948 2581 1050 2647 κακός.

325 2664 433 2750 Φύβου
450 2662 608 2747 παρόντος,
632 2666 725 2733 ύπνος
746 2665 802 2728 οὐκ
827 2664 894 2750 ἔχει
912 2667 1016 2728 τύπον.

322 2747 495 2812 Ἀπατῶσιν
517 2748 606 2831 ἦττον
630 2752 660 2811 οἱ
679 2749 802 2835 τάχιστ’
823 2749 1016 2832 ἀρνούμενοι.

324 2833 463 2901 Δούλοος
485 2833 631 2901 δεδοικώς
653 2833 714 2896 ἐστι
737 2839 797 2897 τῶν
822 2834 942 2897 δούλων
964 2835 1057 2897 κάτω.

296 2915 358 2983 ,Ὁ
382 2919 514 3003 χρηστὸς
538 2918 594 2981 οὐκ
613 2917 671 2999 εἴη,
695 2920 814 3002 λέγοιτο
835 2917 866 2981 δ’
890 2917 926 2981 ἀν
950 2918 1066 2987 ἄθλιος.

317 3002 462 3085 Ἀζηλύς,
486 3002 564 3065 ἐστιν
585 3004 771 3086 ἀθλιωτάτη,
793 3003 881 3087 τύχη.

323 3088 434 3150 Λαλεῖν
455 3086 587 3150 θέλοντα
610 3087 639 3149 α’
664 3087 720 3149 οὐκ
744 3087 866 3172 έᾷσθαι,
892 3085 1040 3171 σχέτλιον.

323 3169 362 3236 El
381 3172 431 3235 καί
453 3171 548 3255 ἀηδὲς
568 3172 587 3252 ἡ
611 3172 708 3256 τριβὴ,
731 3175 817 3234 ποιεῖ
836 3170 962 3254 σοφούς.

323 3254 388 3341 Πρὸ
408 3261 463 3319 τού
484 3255 591 3317 ποθεῖν
614 3256 664 3318 τδν
683 3255 826 3331 θάνατον,
849 3255 951 3341 ὄλβιον
971 3254 1086 3319 θανεῖν.

324 3340 434 3404 Θανεῖν
456 3339 571 3422 ἀνάγκη
592 3343 693 3416 πᾶσιν,
718 3335 785 3402 ὀὐδ’
810 3340 881 3402 ὅταν
902 3340 1008 3421 θέλης.

323 3423 366 3489 Τδ
384 3424 487 3486 θανεῖν
510 3425 676 3509 φοβεῖσθαι
697 3425 802 3508 χεῖρόν
826 3424 888 3486 έστι
911 3429 966 3487 τού
986 3423 1102 3488 θανεῖν.

324 3505 390 3572 Οὐκ
409 3508 503 3593 ἤρεσε
523 3510 666 3571 πολλοῖσι
688 3509 867 3590 πολύγαμος
883 3510 968 3592 γονή.

323 3589 452 3656 Νοούσα
472 3593 622 3676 μουνὰξὴ
646 3592 732 3676 γυνὴ,
754 3597 857 3660 κακῶς
880 3600 954 3657 νοεῖ.
1031 3590 1035 3595 “

323 3674 457 3746 Πολλοῖς
479 3676 608 3756 ἀπειλεῖ,
631 3676 710 3746 ὅστις
728 3677 854 3760 ἠδίκησ’
876 3678 939 3741 ένα.

319 3758 519 3847 Ὑβρισμένον
540 3763 575 3825 τδ
597 3759 711 3825 ἄκακον
733 3763 874 3826 ἀλλάττει
894 3762 994 3847 φύσιν.
