2884 4650
729 489 792 550 310

302 661 385 718 Iram
406 659 536 718 ferocem
557 659 700 734 deprecer
723 660 826 738 gravis
846 659 941 717 Deae.

302 747 378 804 Mox
398 744 529 818 aliquem
553 744 643 802 adibo
666 745 852 822 inhospitum
875 752 906 800 et
924 752 1040 802 teseum
1060 745 1179 819 locum,

304 829 472 903 Telumqne
493 829 537 887 ibi
556 829 800 892 inimicissimum
823 831 889 902 hoe,
913 848 1017 888 ensem
1040 846 1153 904 meum,

304 915 347 976 Ut
367 915 468 974 videat
486 913 562 972 illud
582 933 681 990 nemo,
704 915 861 974 defossum
885 915 1022 988 obruam,

235 994 288 1048 666
306 999 367 1060 Sed
387 999 533 1058 creditum
558 1000 667 1074 Orous,
689 1018 807 1074 noxque
830 999 999 1058 servassint
1020 1001 1088 1059 sibi.
1114 1016 1118 1023 ·

303 1085 385 1144 Nam
409 1084 539 1158 denique
559 1103 597 1142 ex
618 1104 676 1160 quo
698 1091 888 1143 muneratum
909 1091 1044 1161 tempore

302 1171 368 1248 Ego
386 1169 462 1227 illud
480 1169 600 1227 hostica
618 1170 759 1228 Hectoris
779 1169 847 1246 cepi
870 1183 978 1229 mann:

303 1255 424 1314 Exinde
447 1254 574 1329 adeptus
596 1255 641 1312 nil
664 1273 731 1314 sum
751 1256 797 1317 ab
816 1255 937 1331 Argivis
963 1254 1043 1314 boni.

305 1339 421 1400 Scitum
444 1338 541 1396 estin
563 1357 614 1396 ore
637 1341 692 1397 hoe
715 1340 850 1398 omnium
874 1339 984 1396 dictum
1007 1347 1112 1399 retus:

236 1420 287 1475 665
305 1425 445 1484 Infausta
466 1441 592 1480 munera
614 1425 759 1497 hostium,
781 1443 837 1482 nec
857 1443 991 1482 munera.

304 1509 467 1568 Discamus
491 1527 560 1584 ergo
581 1508 614 1566 in
635 1517 787 1568 caeterum
807 1509 883 1567 Deis
906 1509 1003 1567 locum

306 1593 432 1665 Cedere,
454 1599 484 1650 et
502 1593 646 1652 honorem
668 1595 801 1652 debitum
824 1594 940 1653 Atridis
961 1594 1043 1652 dare.

303 1678 385 1737 Nam
406 1677 559 1754 principes
582 1687 663 1752 sunt,
686 1679 912 1754 obsequendum
934 1687 996 1737 est:
1018 1678 1184 1756 quippini?

303 1764 344 1822 Et
365 1763 471 1840 gravia
493 1781 570 1837 quae
593 1771 673 1837 sunt,
694 1783 831 1839 quaeque
853 1772 925 1822 sunt
944 1764 1129 1841 immania[,]

236 1847 288 1902 ⁶70
306 1847 424 1907 Cedunt
442 1847 560 1906 honori.
583 1850 662 1907 cedit
682 1856 712 1907 et
735 1851 781 1908 vis
800 1849 963 1925 ninguidae
1015 1846 1017 1850 ⁴

305 1933 438 2006 Hiemis,
458 1933 510 1991 ubi
532 1941 635 1992 aestas
658 1942 758 1992 macta
779 1934 917 2011 frugibus
941 1935 1032 1992 venit.

307 2017 425 2079 Cedunt
448 2026 479 2076 et
492 2018 580 2095 ipsae
602 2019 701 2077 noctis
722 2021 867 2078 obscurae
888 2019 971 2078 vices

305 2104 382 2162 Luci
404 2103 548 2161 albicanti
569 2103 670 2162 lumen
690 2104 802 2162 almum
821 2105 996 2163 accendere.

255 2241 260 2256 ,
306 2190 347 2248 Et
369 2188 464 2246 maria
487 2188 609 2247 tumidis
632 2189 772 2247 intonata
792 2189 914 2247 flatibus

236 2271 287 2327 ⁶75
303 2274 442 2333 Posuere
462 2273 580 2333 fluctus.
604 2273 698 2333 victor
719 2274 853 2333 omnium
877 2291 970 2350 sopor

305 2359 456 2418 Devincta
477 2358 563 2416 laxat
583 2361 728 2431 membra,
752 2378 808 2418 nee
829 2377 951 2436 semper
969 2366 1060 2417 tenet.

305 2446 345 2504 Et
369 2464 423 2522 ego
445 2444 585 2503 modesta
601 2444 684 2502 faeta
706 2445 839 2503 dubitem
861 2443 1023 2522 persequi?

306 2522 473 2601 Quare,‘ut
491 2548 602 2605 reapse
624 2549 721 2606 nuper
744 2538 887 2607 expertus
910 2530 966 2601 fui,
1004 2546 1010 2551 ’

305 2612 374 2672 Hac
393 2614 454 2671 fine
476 2633 608 2691 semper,
628 2606 751 2687 censeo,
773 2615 929 2673 inimicum
952 2612 1064 2685 oderiS,
1134 2638 1140 2644 ·

236 2694 289 2750 680
306 2697 466 2773 Tanquam
486 2699 566 2756 idem
588 2698 703 2758 amicus
727 2701 767 2759 sit
785 2700 913 2758 futurus.
933 2699 1067 2756 indidem

305 2784 342 2841 In
359 2790 475 2841 tantum
497 2784 594 2842 amico
616 2785 754 2843 munifex
774 2804 890 2844 morem
910 2803 1024 2861 geram,

306 2868 465 2943 Tanquam
486 2887 542 2926 nee
562 2869 642 2926 idem
667 2869 708 2929 sit
727 2871 855 2929 futurus.
877 2869 999 2947 plurimi

305 2952 471 3031 Appellere
491 2953 591 3028 ipsum
611 2962 733 3031 portum
754 2955 905 3013 amicitiae
927 2954 1056 3011 timent.-

307 3038 369 3100 Sed
389 3038 469 3097 belle
487 3039 642 3097 habebunt
659 3040 729 3099 ista.
750 3048 781 3098 tu
804 3060 875 3099 vero
895 3039 1015 3097 interim

190 3175 192 3187 .
236 3123 537 3200 ⁶851ntusprecare
559 3126 716 3200 perpetim,
738 3125 855 3198 mulier,
882 3124 976 3197 Deos,

306 3208 474 3271 succedere
495 3208 559 3282 illa,
576 3212 662 3284 'quae
686 3211 795 3269 sedent
814 3211 929 3283 animo,
953 3207 1066 3267 omnia.

304 3294 344 3353 Et
365 3315 433 3369 vos,
455 3294 590 3369 sodales,
610 3296 696 3370 paria
718 3295 963 3371 comprecamini.

305 3381 450 3439 Mandata
470 3380 570 3439 verbis
594 3380 670 3439 haee
689 3381 766 3439 meis
791 3380 909 3438 Teucro
930 3380 1015 3437 date:

305 3462 358 3523 Uti
381 3484 438 3525 nos
463 3466 601 3538 amassit,
622 3472 656 3524 ut
675 3465 748 3523 velit
763 3465 851 3524 vobis
875 3466 963 3523 bene.
990 3492 993 3499 ·

237 3549 289 3605 690
306 3547 491 3609 Proficiscor
509 3551 593 3625 iilue,
620 3570 680 3625 quo
700 3549 835 3626 profecto
859 3566 937 3626 opus
959 3548 1032 3607 mihi
1054 3554 1138 3605 eat.-

306 3632 372 3692 Vos
393 3634 478 3693 iussa
499 3626 681 3712 perpetrate.
703 3635 791 3693 forsit
811 3635 849 3692 de
870 3652 939 3693 mea

307 3718 412 3781 Salute
429 3717 603 3793 inandietis,
625 3720 683 3779 etsi
702 3720 862 3797 perieram.
