2884 4650
564 496 714 591 —389—

448 663 596 723 Sab'oram
617 668 757 742 suffimen,
782 675 835 724 tas.
1051 665 1094 727 a?

183 748 341 825 Aericrepi
358 746 446 820 Salii,
472 750 583 807 ancilia
602 751 709 810 Martis
730 752 887 823 habentes,

182 834 286 907 Aeris,
310 842 341 891 et
362 842 471 907 terrae,
493 842 524 892 et
543 837 636 895 maris
658 836 808 913 indigetes
828 834 975 911 opulenti,

183 919 347 978 Terrarum
367 919 457 992 tituli,
477 920 622 997 genitalia
640 922 757 979 semina
775 920 889 992 mundi,

184 1003 305 1080 Quique
327 1002 543 1065 Samothracen
564 1006 736 1064 habitacula
754 1023 841 1064 sacra
860 1004 1007 1078 colentes,

182 1088 316 1148 Casibus
329 1088 473 1148 'eximitis
493 1110 548 1166 per
570 1091 690 1149 caerula
708 1090 911 1149 velificantes:

182 1174 249 1233 Vos
270 1174 361 1251 primi
380 1193 497 1233 sacram
520 1176 695 1235 mortalibus
717 1175 904 1247 instituistis,

153 1331 158 1339 ·
182 1259 310 1317 Aeterni
330 1257 406 1320 Salii
426 1260 537 1319 ancilia
557 1261 663 1320 Martis
686 1262 848 1319 habentes:

183 1344 341 1404 Oceanum
360 1345 494 1419 quatitis,
516 1346 638 1419 quatitis
660 1364 754 1418 mare,
773 1346 939 1419 roboraque
959 1342 1030 1401 alta.

184 1429 300 1487 Terrae
320 1429 501 1489 insultantes
521 1431 650 1506 pedibus
671 1430 818 1508 strepitis,
840 1429 999 1488 rutilantes

184 1512 330 1573 Gestibus
353 1534 452 1573 arma:
475 1522 605 1573 tremunt
622 1515 790 1573 animantia
808 1514 890 1574 secla
908 1515 1052 1584 ferarum,

182 1599 224 1657 Et
242 1599 343 1675 fragor
365 1607 395 1657 et
414 1600 551 1659 fremitus
571 1601 731 1679 pervolgat
751 1601 871 1658 caerula
890 1599 978 1658 coeli.
1042 1617 1054 1635 ·

181 1684 223 1742 Et
241 1683 430 1761 glomerante
452 1685 560 1760 pedum
582 1686 680 1745 sonitu
702 1694 785 1745 stunt
804 1686 930 1762 pulvere
950 1685 1059 1755 nubes,

185 1769 226 1827 Et
246 1769 351 1827 florum
375 1771 493 1845 species
516 1770 697 1829 vinolentum
720 1790 815 1828 verna
836 1769 998 1846 patescit.

182 1853 308 1912 Aeterni
331 1854 424 1931 genii,
446 1864 536 1929 atque
555 1856 645 1914 Ioves
668 1863 699 1913 et
714 1855 859 1914 Vaeiove’
879 1853 998 1929 quaudo

183 1938 284 1997 Torva
305 1938 465 1996 inimiciter
484 1948 643 1997 occurrunt
663 1940 842 1999 mortalibus
861 1940 918 2010 ira,

181 2024 347 2083 Vastantes
369 2024 540 2101 victumque
559 2032 589 2081 et
609 2043 694 2100 opes,
715 2024 863 2100 ipsosque
882 2029 1039 2082 nocentes.

182 2108 258 2166 Inde
279 2108 342 2166 loci
366 2128 476 2187 magno
498 2111 691 2168 crebrescunt
711 2128 863 2167 murmura
884 2115 990 2183 ponto,

183 2191 329 2269 Stirpitus
351 2201 381 2251 et
402 2212 531 2269 quercus
556 2195 757 2269 procumbunt
780 2212 913 2270 aequore
935 2192 1045 2267 campi,

181 2278 360 2337 Parmarum
374 2278 462 2347 ,flictu
482 2278 766 2340 caelesti-resultat
787 2280 899 2358 imago.

183 2364 210 2424 Ο
236 2363 325 2437 Salii,
346 2373 434 2439 atque
454 2373 541 2441 potes
562 2364 757 2438 Salisubsuli,
775 2366 1002 2442 induperautes,
1056 2386 1059 2391 ’

183 2449 350 2527 Indigetes,
370 2447 583 2523 Samothracii,
606 2459 637 2508 et
654 2450 768 2509 incluta
787 2446 897 2508 Diiovi’
921 2448 1043 2525 prolest

181 2534 310 2593 Aeterni
329 2535 432 2608 flatus,
455 2536 613 2609 animales,
635 2535 825 2607 semiermes,

182 2619 303 2695 Quique
327 2621 415 2678 etiam
439 2620 551 2698 gemini
572 2640 627 2696 per
647 2621 725 2678 caeli
747 2620 861 2697 templa
878 2618 995 2691 cluctis,

182 2703 354 2781 Spirantes,
379 2705 457 2778 sudi,
477 2706 628 2782 mitesque
651 2705 869 2780 salutiferique,

182 2789 349 2867 Temperii,
371 2790 525 2863 Autumni,
545 2790 629 2863 Divi,
653 2790 847 2862 medioxumi,
870 2788 980 2848 anheli.

335 2959 406 3016 Divi
430 2961 500 3018 Inui
519 2959 693 3019 Lucumonis
714 2961 854 3034 suffimen,
878 2968 932 3018 tas.
1052 2957 1094 3016 ³8

181 3043 428 3118 Induperatorem
450 3063 591 3122 maguum
611 3044 730 3102 telluris
754 3044 857 3118 adoro,
903 3072 906 3076 ·

181 3128 378 3204 invisumque
397 3128 517 3203 Inuum,
539 3129 729 3204 felicemque,
752 3137 842 3205 atque
862 3128 1030 3202 Quirinum,

181 3211 368 3272 Nocturnum
386 3214 602 3287 Lucumonem,
629 3215 746 3273 obicem
765 3214 914 3272 larvatilis
934 3212 1069 3282 umbrae,
1135 3243 1137 3248 ·

182 3297 331 3356 Terriculi
353 3300 513 3359 auxilium:
532 3300 712 3375 desertaque
732 3299 1006 3358 concelebrantem.

181 3383 339 3457 Incubum,
362 3385 434 3443 item
454 3386 605 3463 geminum
622 3385 814 3456 Volturnum,
833 3381 1092 3454 multivolumque,

182 3466 400 3545 Sanguineum,
409 3479 497 3546 atque
510 3470 665 3545 utriusque
676 3476 831 3527 cruentum
838 3466 964 3524 vulnere
972 3465 1091 3525 fraules

182 3551 317 3612 Numine
339 3555 390 3629 qui
407 3554 525 3617 Cereris
547 3555 669 3614 mutasti
692 3571 802 3630 corpus
823 3569 994 3623 amoenum,

183 3637 350 3696 Terrificae
372 3649 510 3699 excetrae
531 3641 689 3700 insinuans
711 3637 865 3713 serpentia
884 3637 1029 3711 membra,

184 3721 262 3782 Vota
282 3724 390 3783 lubens
412 3726 492 3800 audi,
514 3741 716 3802 creperosque
738 3729 840 3781 averte
864 3722 997 3795 timores,
