2884 4650
1494 531 1617 593 248

1061 702 1366 761 Praefatio
1407 700 1660 761 Catonis
1702 700 1779 759 ad
1818 699 2059 759 Filium.

652 782 710 845 Φ
756 782 1061 865 ασάμενος
1100 783 1420 851 πλείστους
1469 783 1838 867 ἀνθρώπων,
1884 784 1969 850 ὡς
2008 781 2146 864 περὶ
2194 781 2486 864 θεσμοὺς

646 803 854 930 Ἠεθῶν
897 867 1249 943 πλάζονται,
1295 868 1697 952 προνοεῖσθαι
1731 867 1926 928 τῶνδε
1969 865 2227 947 μάλιστα

643 949 844 1019 ἈΕιον
893 952 1196 1035 ὠϊσάμην,
1242 952 1344 1014 καὶ
1386 952 1659 1034 λήματος
1700 948 2154 1034 ἀντιλαβέσθαι,

639 1031 850 1118 Ὀφρα
892 1038 1098 1104 καλῶς
1145 1038 1371 1112 ζώωσι,
1411 1036 1515 1097 καὶ
1555 1034 1803 1101 εὐκλεὲς
1845 1032 2028 1118 εὖχος
2073 1033 2363 1117 ἄρωνται.

652 1118 839 1204 Δεῧρ’
890 1118 999 1201 ἄγε
1038 1120 1244 1182 τέκνον
1289 1118 1428 1202 ἐμοὶ
1470 1118 1934 1204 κεχαρισμένον,
1976 1120 2060 1187 ὥς
2104 1142 2173 1181 σε
2200 1118 2435 1188 διδάξω

649 1202 798 1271 Πῶς
835 1204 947 1279 δεῖ,
993 1204 1361 1288 ῥυθμίζοντα
1401 1208 1543 1266 τεοῦ
1584 1206 1724 1272 νοὸς
1758 1202 1923 1287 ἤθεα
1956 1206 2225 1286 κοσμεῖν.

651 1284 838 1356 Τάςδ’
887 1286 993 1350 οὖν
1039 1287 1311 1355 ἐντολίας
1350 1287 1679 1369 ἀνάγνωθι,
1714 1287 1909 1369 γνῶθί
1943 1285 2003 1348 τ’
2050 1286 2365 1368 ἀναγνούς.

631 1368 751 1434 Ὧν
794 1370 908 1455 γὰρ
958 1370 1191 1453 ἀνέγνω
1229 1372 1334 1448 τίς,
1383 1370 1465 1455 μὴ
1510 1370 1574 1434 δ’
1624 1370 1804 1454 ἔγνω,
1847 1372 2049 1456 πάγχυ
2095 1370 2391 1453 κατέγνω.

651 1563 711 1601 α.
762 1536 886 1602 Καὶ
906 1540 981 1622 δὴ
1006 1537 1267 1602 ἄκουσον
1293 1538 1465 1622 ἐμοῦ.
1491 1538 1633 1624 Θεῷ
1647 1538 1858 1623 εὔχου.
1879 1537 2104 1621 Στέργε
2120 1542 2367 1621 τοκῆας.
2414 1540 2474 1623 β.

648 1640 704 1707 γ.
764 1619 924 1691 Τοὺς
964 1623 1160 1705 πηοὺς
1203 1623 1367 1705 τίμα.
1418 1620 1537 1685 Τὸν
1581 1624 1893 1708 ὑφηγητὴν
1938 1623 2284 1709 πεφόβησο.
2415 1625 2474 1686 δ.

652 1730 704 1770 ε.
762 1705 1044 1790 Τήρησον
1072 1708 1138 1770 τὸ
1173 1707 1376 1769 δοθέν.
1404 1705 1706 1791 Νομίμοις
1737 1708 1964 1792 ἀγορᾶς
1995 1709 2365 1770 ὑποτάσσου.
2416 1732 2474 1779 ς.

652 1794 704 1863 ζ.
759 1789 905 1860 Τοῖς
922 1791 1178 1874 ἀγαθοῖς
1204 1793 1463 1875 ἀνδρῶν,
1484 1793 1584 1854 καὶ
1605 1796 1729 1859 τοῖς
1755 1793 2134 1875 φρονίμοισιν
2163 1792 2385 1874 ὁμίλει.

648 1900 711 1959 η.
757 1872 864 1944 Εἰς
887 1875 991 1959 τὴν
1024 1876 1392 1962 συμβούλων
1423 1875 1632 1959 ἄγυριν
1666 1877 1747 1960 μὴ
1792 1878 2005 1960 ἀκλητὶ
2030 1877 2384 1961 παρελθεῖν.

648 1961 710 2023 θ.
760 1957 1181 2045 Κοσμιότητος
1211 1959 1361 2046 ἔχου
1403 1961 1714 2044 καθαρῶς.
1765 1960 2168 2029 Ἀσπαστικὸς
2196 1960 2339 2023 ἴσθι.
2433 1986 2473 2024 ι.
2508 2033 2515 2038 ‚

653 2068 733 2108 ια.
757 2042 934 2115 Εἶξον
962 2046 1418 2130 ἀρειοτέροισιν.
1467 2044 1945 2129 Ἀφαυροτέρων
1969 2047 2297 2130 πεφίδησο.
2392 2048 2474 2131 ιβ.

652 2153 727 2212 ιγ.
755 2127 1053 2213 Κτήματα
1083 2136 1194 2193 σοῦ
1224 2135 1447 2213 τηρεῖν.
1481 2130 1651 2192 Αἰδῶ
1690 2130 1788 2192 ἐπὶ
1819 2133 1965 2191 πᾶσι
1998 2130 2342 2214 φυλάττειν.
2395 2132 2473 2193 ιδ.

652 2237 724 2278 ιε.
752 2211 1077 2297 «Τημελίην
1107 2215 1300 2277 ἄσκει.
1345 2211 1615 2298 Βιβλίων
1650 2213 1740 2277 ὅτι
1761 2216 2017 2275 πλεῖστα
2047 2215 2320 2298 διέρχου.
2396 2238 2473 2285 ις.

653 2302 725 2372 ιζ.
764 2295 972 2362 Πάντα
1007 2298 1072 2361 δ’
1105 2299 1190 2362 ἐνὶ
1213 2299 1418 2382 μνήμῃ
1444 2297 1775 2381 ταμιεύειν,
1805 2298 1887 2360 ὧν
1915 2321 2015 2361 κεν
2050 2299 2341 2383 ἀναγνῷς.

652 2407 733 2468 ιη.
762 2379 899 2445 Τῶν
933 2384 1100 2446 ἰδίων
1130 2387 1435 2468 προνοεῖν.
1470 2381 1695 2466 Πρᾴως
1731 2385 2048 2445 πάντεσσιν
2085 2385 2340 2466 ὁμιλεῖν.
2392 2383 2473 2446 ιθ.

648 2493 704 2530 κ.
764 2465 869 2549 Μὴ
907 2472 1164 2552 νεμεσᾷν
1195 2468 1457 2550 ἀλόγως.
1481 2469 1803 2552 χλευάζειν
1829 2469 2092 2550 μηδενὸς
2113 2467 2309 2553 ἔργον.
2372 2492 2474 2532 κα.

648 2555 744 2699 ἒξ·
760 2549 1160 2720 ἕτὶῆῖἕέἓᾷῗν
1175 2551 2333 2722 ’ῗάδῗέῗξῗέῗξξῇΡῘ-ῗεὲᾆῗρῗὲνλιζέἷζζέ·
2380 2577 2474 2701 ,ἵζ’

649 2744 743 2791 κς.
762 2717 866 2801 Μὴ
898 2662 1310 2791 πολύδειπνοὲ
1327 2721 1495 2805 ἔμεν,
1523 2698 1602 2804 μὴ
1635 2663 1920 2805 ogivam
1945 2722 2373 2792 εἰλαπινάζειν.

509 2822 520 2836 ’
647 2809 738 2877 κζ.
758 2799 922 2866 Εῧδε
947 2806 1012 2867 τὸ
1037 2805 1252 2887 μ’έτρον
1271 2813 1401 2870 σοῦ.
1434 2804 1526 2869 Τὰ
1553 2804 1775 2889 ἔνορκα
1804 2807 2009 2868 δίκαια
2028 2804 2312 2891 φύλαττε.
2370 2831 2474 2892 κη.

647 2884 1068 2972 κθ.οἰν6φλυξ
1097 2891 1177 2973 μὴ
1199 2891 1424 2972 γίγνου.
1453 2890 1845 2972 Ἀμύνασθαι
1879 2891 2017 2973 περὶ
2047 2892 2298 2974 πάτρης.
2416 2895 2473 2957 λ.

650 2977 746 3040 λα,
760 2970 863 3056 Μὴ
881 2980 1200 3056 προπετῶς
1217 2973 1706 3037 πίστευσον.Ἀεὶ
1725 2975 1953 3060 βουλὴν
1978 2976 2082 3043 δὸς
2103 2975 2325 3061 ἑαυτῷ.
2373 2978 2474 3124 λζ.

649 3062 742 3142 λγ.
759 3054 1073 3143 Μαχλάδα
1109 3056 1337 3143 πόρνην
1379 3063 1589 3144 φεῦγε.
1653 3058 2328 3205 Διδάσκουλέράμματα
2374 3063 2413 3124 λ
2456 3108 2473 3125 .

1866 3166 1944 3206 πο
2030 3167 2088 3206 α.

650 3225 861 3311 λε.Μὴ
901 3227 1184 3310 γλώσσης
1226 3227 1482 3310 ψεύδοιο
1566 3226 1926 3310 αριζόμενος
1966 3233 2285 3313 παρεοῦσι.

649 3309 912 3382 λς.Τοὺς
936 3310 1208 3392 ἀγαθοὺς
1231 3308 1301 3372 εὖ
1330 3311 1492 3394 ἕρδε.
1516 3250 1694 3394 §ax-q
1737 3313 1909 3394 ορίας
1935 3312 2302 3397 ἀπέχεσθαι.
2378 3317 2476 3387 λζ.

654 3392 838 3479 λη.Τδ
866 3393 1090 3475 τρέπε-ιιι
1130 3395 1439 3479 &RHp-⁴³⁸³
1471 3398 1659 3479 τήρει.
1763 3396 1799 3455 ἐι
1831 3397 2031 3459 &fama
2059 3397 2286 3467 δίκαζε..
2372 3399 2474 3462 λθ.

654 3507 714 3563 μ.
758 3475 1062 3563 Καρτερίῃ
1098 3479 1314 3559 γονέας
1346 3483 1503 3543 νίκα.
1551 3458 1847 3565 Μέμνησο
1887 3483 2103 3543 παθὼν
2132 3479 2223 3543 Εὖ.
2365 3506 2474 3566 μα.

654 3563 1114 3647 μβέιυστυχὲας
1142 3567 1218 3647 μὴ
1250 3571 1515 3631 σκῶπτε.
1543 3563 2017 3655 F-;÷,·1''''2-K4m1;;
2043 3587 2107 3627 τε.
2139 3567 2239 3631 καὶ
2264 3568 2364 3651 ἐμ-

658 3731 950 3815 μὸἶῆμφ
990 3731 1212 3821 ἀρετὴν
1880 3705 2051 3828 ''sss'vfflt
2075 3735 2291 3823 ὕρμῆν·
2375 3758 2473 3818 με·
