2884 4650
622 489 764 548 27-

230 655 286 717 Sat
307 656 391 728 iacit,
411 655 533 730 illorum
557 659 584 716 si
607 659 781 717 meminisse
803 666 910 734 potest.

271 753 294 801 Ε
312 753 407 802 lectulo
427 767 533 814 surgens
554 753 596 802 111
613 755 671 803 Kal.
690 755 747 806 Ian.
766 753 859 804 Iuliani
886 751 958 805 1602.

187 907 235 967 25.
281 907 399 965 Donum
420 909 534 966 doctiss.
556 913 682 967 auctoris
705 909 862 968 Scaevolae
880 908 1096 967 Sammartlcani

186 993 233 1051 De
257 993 352 1052 Gallis
371 993 515 1050 Doctrina
540 995 698 1054 illustribus
727 996 786 1051 Ios.
812 992 944 1071 Scaliqer
967 996 1095 1052 donabat

400 1078 519 1136 Danieli
537 1079 658 1137 Heinsio
682 1081 724 1138 tia
741 1080 885 1136 vernias.-

188 1160 254 1222 Sibi
276 1162 336 1220 hoc
357 1163 499 1221 volumen
522 1181 540 1219 a
560 1171 653 1240 poeta
675 1162 825 1224 Scaevola

187 1247 317 1306 Missum
338 1255 449 1323 poetae
472 1246 608 1326 Scaliger
628 1249 682 1311 ‚dat
705 1249 845 1308 Heinsio.

189 1417 237 1476 26.
276 1417 396 1473 Danieli
416 1418 536 1475 Heinsio
557 1422 719 1494 gratiaram
740 1422 814 1476 actio
836 1437 895 1494 pro
918 1419 1097 1474 dedicatione

547 1501 614 1560 Silii
635 1505 742 1562 Italici.

550 1599 592 1646 Ex
612 1606 726 1661 ternpore

188 1663 275 1738 Quod
298 1674 398 1724 vester
419 1675 524 1744 nostro
547 1670 602 1726 sub
628 1669 748 1726 nomine
770 1666 875 1740 Silius,
897 1665 1018 1739 Heinsi,

230 1751 387 1827 Purpureo
409 1760 516 1828 gentes
539 1753 650 1810 lumine
671 1754 769 1811 cultus
789 1753 866 1821 adit3

187 1835 254 1895 Nec
276 1855 324 1893 me
346 1838 405 1894 hoc
426 1837 583 1910 duntaxat,
608 1857 667 1913 quo
691 1854 812 1895 menon
834 1836 953 1913 dignor,
966 1836 1094 1906 honore,

231 1920 293 1981 Sed
314 1921 478 1980 devinxisti
500 1932 621 1998 postera
642 1923 725 1981 secla
745 1923 826 1980 tibi.'

189 2005 276 2080 Quod
296 2006 392 2064 solum
414 2025 552 2082 possum,
577 2009 647 2084 quia
668 2028 715 2065 mc
737 2007 792 2065 tibi
816 2006 909 2064 debeo
929 2009 1033 2073 totum,

227 2093 277 2149 Me
301 2098 398 2150 totum
414 2111 511 2150 voveo
531 2106 650 2170 tempus
670 2093 703 2150 in
725 2112 814 2151 omne
839 2091 904 2150 tibi.

188 2173 248 2236 Sed
267 2195 343 2250 quas
363 2177 535 2250 debueram,
555 2198 653 2254 neque
673 2197 801 2255 possum
822 2177 941 2236 solvere
962 2177 1075 2248 grates,

226 2263 255 2320 A
271 2261 327 2319 tibi
348 2262 487 2320 devincta
507 2263 687 2322 Posteritate
705 2263 797 2321 feras.
900 2305 903 2311 -

375 2432 424 2488 27.
467 2432 514 2489 De
535 2432 661 2491 Henrloo
682 2426 760 2507 Reye
782 2442 903 2489 seruato.

186 2514 312 2591 Duplex
334 2522 471 2592 potestas
491 2517 551 2575 ista
572 2517 700 2575 fatorum
725 2517 792 2588 fuit,

187 2599 285 2659 Gallis
309 2600 400 2659 saluti
424 2601 505 2677 quod
528 2602 618 2674 iuret,
638 2600 736 2661 Gallis
757 2601 840 2671 dare,

187 2684 316 2747 Servare
336 2684 434 2744 Gallis
456 2688 537 2761 quod
557 2687 692 2745 dedisset
715 2686 871 2762 optimum.

407 2902 412 2911 .
485 2855 534 2913 28.
580 2858 618 2913 In
646 2856 794 2919 Veronam.

188 2938 294 2999 Ocelle
319 2939 432 3011 mundi,
454 2940 537 2999 sidus
560 2940 630 2998 Itali
651 2940 738 3014 caeli,

186 3025 255 3084 Flos
275 3023 405 3097 urbium,
426 3026 495 3097 flos,
520 3025 730 3102 corculumque
751 3044 953 3098 amoenorum,

187 3108 268 3183 Quot
291 3117 371 3181 sunt,
393 3118 527 3181 eruntve,
548 3118 621 3184 quot
640 3111 735 3183 inere,
760 3110 883 3176 Verona

187 3194 301 3253 Brenni
323 3195 491 3271 smaragde,
516 3196 719 3271 transpadana
740 3196 866 3272 berylle,

189 3278 346 3339 Gallorum
366 3280 474 3354 iaspis,
497 3280 656 3357 margarite
679 3280 811 3339 Benaci:

188 3368 276 3441 Apex
300 3382 459 3440 supremus
481 3364 649 3440 elegantiae
670 3385 781 3436 rerum,

188 3450 225 3507 Et
246 3457 327 3506 meta
350 3468 477 3522 summa,
500 3450 703 3524 deedalaeque
726 3458 860 3507 naturae.

189 3533 284 3607 Quam
304 3534 405 3593 fronte
429 3554 526 3611 prona
546 3535 739 3611 fascibusque
763 3529 922 3593 submissis

189 3619 286 3679 Urbes
308 3618 445 3692 adorent,
469 3627 499 3676 et
519 3620 657 3679 lubenter
679 3625 844 3697 agnoscant

190 3702 324 3764 Sublime
347 3705 514 3764 maiestatis
538 3705 649 3762 arduae
669 3704 783 3776 lumen,
