2884 4650
570 555 720 649 Q

192 722 330 782 Maercre
349 721 447 782 donec
469 722 610 798 gaudium
631 723 845 784 interuoveris.

191 805 276 879 Quod
300 814 482 877 assecutum,
505 808 604 882 qualis
627 827 665 866 ex
686 809 771 883 quali
791 820 879 887 patre

189 889 280 954 Satur
305 910 349 966 es,
371 899 400 948 te
424 899 541 966 oportet
560 893 716 969 specimen
739 893 869 954 inimicis
891 896 973 955 dare.

189 979 229 1035 nt
250 976 369 1034 interim
389 976 469 1036 auris
492 978 620 1036 vescitor
637 977 769 1052 levibus,
788 979 876 1039 aleus

190 1063 322 1120 Mentem
343 1061 503 1134 novellam,
525 1063 636 1138 volupe
657 1064 763 1124 matris
785 1065 937 1142 gaudium.

188 1144 288 1204 Nemo
310 1154 340 1204 te
362 1147 511 1205 Achirdm
536 1148 678 1206 differens
699 1149 822 1226 probris
842 1151 943 1223 malis,

190 1231 291 1290 Torva
309 1230 488 1307 increpabit,
508 1233 647 1291 vellicet
668 1252 773 1293 careas
795 1235 865 1297 mci.

190 1315 296 1374 Talem
318 1316 484 1391 relinquam
505 1317 666 1376 ianitorem
686 1338 884 1393 acerrumum,

135 1421 138 1426 ¹
188 1400 417 1476 Alimoniaeque
437 1403 608 1478 praesidem
631 1403 780 1462 Teucrum
804 1405 874 1464 tibi:

190 1484 224 1546 Si
245 1485 364 1562 quidem
386 1487 413 1545 is
437 1487 547 1546 redibit
565 1488 692 1547 hostium
713 1489 855 1548 insessor
874 1491 986 1567 procul.

188 1574 257 1643 Ast,
278 1591 296 1628 ο
318 1571 440 1632 sodales
463 1573 596 1645 armites,
618 1574 735 1631 marina
757 1593 845 1652 gens,

189 1657 333 1714 Mandata
354 1657 479 1733 primum
500 1677 579 1715 nuuc
600 1677 741 1735 suprema
763 1668 793 1716 et
816 1679 872 1718 vos
893 1679 962 1719 mea·

188 1742 335 1816 Accipite,
359 1750 389 1799 et
406 1742 451 1799 illi
474 1743 648 1802 nuntiantes
670 1743 800 1802 reddite:

189 1826 284 1886 Istum
308 1826 441 1902 puellum
467 1829 556 1886 ducat
578 1829 616 1886 ad
638 1828 719 1887 lares
745 1847 842 1901 meos,

188 1911 320 1969 Eriboea
340 1920 372 1969 ut
393 1912 478 1970 illum
500 1913 612 1985 videat,
632 1919 662 1969 ct
684 1912 812 1971 Telamo
833 1921 930 1989 pater,

187 1997 228 2056 Et
248 1996 292 2054 eis
314 2005 466 2055 senectae.
479 1997 565 2055 dulce
585 1997 716 2056 lenimen
740 1997 815 2069 fuat,

98 2126 102 2132 .
188 2081 248 2140 Vel
271 2080 364 2140 donec
385 2082 458 2142 Orci
480 2089 559 2140 tecta
581 2083 642 2140 sint
664 2083 745 2140 nacti
764 2082 864 2140 inferi.

189 2166 254 2226 Ulli
278 2185 334 2224 nec
357 2186 441 2225 arura
461 2159 679 2243 praemiatores
702 2186 770 2224 mea

187 2251 330 2328 Ponunto
352 2253 489 2326 Achivis,
511 2271 567 2312 nec
588 2271 686 2312 meum
709 2269 849 2331 magnum
872 2250 992 2308 malum.

186 2340 229 2397 At
252 2338 320 2413 ipse
340 2357 413 2397 vero
433 2339 596 2415 Eurysace,
617 2348 649 2397 tu
672 2337 885 2417 cognominem,

186 2422 227 2481 Et
245 2423 418 2481 crebriloris
441 2424 590 2499 pensilem
612 2425 739 2483 amentis
762 2430 890 2497 quateus
1098 2422 1150 2476 575

185 2508 352 2585 Apprende
361 2508 498 2585 clypeum
507 2510 586 2567 huuc
599 2528 806 2586 praegravem,
816 2515 846 2565 et
860 2506 1096 2583 septemplicem.

189 2588 252 2653 Sed
277 2612 361 2651 arma
383 2612 497 2650 mecum
518 2603 745 2653 concremantur
769 2600 897 2650 caetera.

185 2677 274 2736 Heus
297 2685 330 2735 tu
352 2678 519 2754 properiter
539 2679 678 2738 manibus
700 2680 780 2737 hunc
802 2695 927 2753 puerum
950 2694 1036 2753 cape,

186 2764 226 2822 Et
243 2764 365 2821 ianuam
385 2764 474 2836 obde,
494 2764 635 2838 nullaque
651 2764 701 2821 hic
724 2763 826 2839 palam
846 2763 912 2821 iace

186 2848 344 2906 Lamenta.
367 2849 455 2906 valde
475 2857 522 2907 ast
540 2848 791 2929 fletuum'mulier
814 2848 932 2906 lubens.
1099 2849 1151 2903 teu

187 2933 283 3009 Operi
303 2934 408 3006 forem,
431 2935 562 3008 inquam.
584 2934 665 2992 haud
685 2934 763 2991 bene
783 2933 906 2991 medens
919 2951 954 2991 se
967 2931 1100 3008 postulat

185 3016 318 3077 Carmen
341 3018 474 3078 secando
497 3019 615 3076 vulneri
636 3020 855 3077 incantassere.

185 3101 243 3163 ch.
283 3104 515 3180 Properantiam
537 3103 626 3162 istam
648 3105 808 3163 inaudiens
830 3102 923 3161 metui
943 3101 1032 3159 male.

183 3186 254 3246 Nec
276 3208 323 3246 me
341 3197 483 3265 asperata
505 3189 609 3267 lingua
631 3189 761 3247 delectat
778 3195 838 3246 tua.

185 3274 258 3332 Teu.
280 3272 369 3346 Quod
390 3275 481 3348 istud,
505 3276 595 3348 Aiax,
620 3283 719 3333 mente
740 3274 854 3332 moliris
873 3270 1008 3329 malum?
1099 3269 1151 3323 585

183 3359 235 3418 Αἰ.
279 3358 329 3417 Ne
351 3378 398 3417 me
420 3361 568 3437 rogassis.
591 3360 716 3435 pulchra
739 3378 787 3416 res
811 3355 959 3415 modestia
982 3360 1038 3413 est.

184 3443 259 3501 Ter.
281 3444 380 3520 Quam
402 3446 521 3521 pendeo
543 3446 652 3504 animi!
675 3444 736 3507 Sed
758 3462 813 3520 per
832 3460 887 3517 ego
907 3447 936 3496 te
956 3437 1083 3512 liberos,

182 3530 226 3588 Et
245 3548 300 3605 per
318 3529 404 3589 Deos
429 3532 575 3604 obtestor,
597 3531 678 3587 haud
698 3547 757 3587 nos
777 3524 909 3602 produis.

182 3615 235 3673 Αἰ.
280 3613 348 3672 Vah
372 3614 473 3673 enicas
495 3636 553 3688 me,
576 3616 697 3673 mulier:
721 3632 761 3669 an
783 3609 896 3681 nescis,
917 3607 994 3669 Deis

182 3698 308 3758 Debere
331 3699 445 3757 nullum
468 3700 527 3757 iam
549 3719 596 3757 me
618 3701 759 3758 honorem
784 3694 972 3753 obnoxium?
1098 3698 1151 3753 590

183 3784 258 3842 Teo.
286 3784 372 3843 Bene
387 3785 528 3842 ominare.
615 3784 663 3843 Αἰ.
689 3779 1097 3923 Affereqvggs‘persuadeu.
