2884 4650
693 494 843 588 111-

320 662 463 739 Estirps
483 661 717 723 Laomedontis:
740 663 939 740 eximiamque
962 665 991 722 ei

321 746 442 806 Praeda
463 746 534 806 olim
556 748 594 806 ab
616 748 698 806 omni
718 745 889 808 muneravit
901 748 1074 810 Hercules?

321 832 404 910 Ergo
427 839 575 908 optumus,
596 832 710 894 duobus
729 834 930 910 optumatibus

247 913 416 978 ¹³05Satus
439 918 607 977 dehoneste
628 917 748 995 generis
771 926 909 978 auctores
931 920 1002 992 mei,
1102 916 1106 922 ’

324 1002 411 1082 Quos
432 1003 614 1078 insepultos,
639 1003 671 1062 in
689 1003 846 1062 laboribus
870 1005 946 1062 sitos

323 1087 407 1160 Istis,
427 1087 566 1163 repellis:
590 1106 647 1147 nec
667 1087 762 1164 pudet
783 1088 969 1147 iactantiae?

323 1170 385 1233 Sed
407 1179 506 1231 certus
531 1180 608 1244 esto,
631 1173 658 1230 si
678 1173 775 1230 virum
798 1173 879 1233 hunc
899 1174 1059 1250 repellitis,

324 1257 458 1318 Omnino
480 1264 615 1316 nostres
638 1265 668 1315 et
687 1258 778 1316 simul
799 1257 956 1334 repellitis.

247 1339 405 1401 1310111111
425 1361 480 1417 pro
502 1342 561 1401 hoc
581 1341 655 1400 mibi
672 1343 867 1421 periclitanti,
889 1343 1023 1401 nobilem

324 1427 480 1504 Oppetere
502 1434 630 1485 mortem
652 1428 762 1488 melius
787 1436 844 1501 est,
864 1447 954 1503 quam
973 1448 1028 1504 pro
1050 1435 1103 1486 tua

270 1557 274 1564 ,
322 1512 445 1572 Uxore:
469 1530 559 1587 quam
578 1532 632 1589 pro
654 1514 748 1571 fratre
770 1532 915 1590 germano
937 1522 1000 1572 tuo.
1062 1568 1064 1573 ,

323 1598 372 1656 Ad
392 1597 463 1669 ista,
484 1615 556 1654 cura
573 1617 633 1656 uon
654 1618 754 1656 msam
774 1618 849 1672 rem,
871 1598 926 1658 sed
948 1606 1040 1656 tuam.

325 1679 469 1741 sinaxis
497 1681 598 1756 aliqua
619 1702 652 1741 re
675 1685 760 1757 mibi,
780 1684 1007 1761 ignavissumus

249 1762 471 1826 1315Fortasse
491 1767 580 1825 malis
604 1787 685 1842 esse,
709 1788 798 1844 quam
821 1769 1061 1828 audacissumns.

325 1849 380 1910 Oh.
415 1852 546 1926 Adesse,
566 1853 691 1930 Ulysss,
710 1848 746 1912 te
761 1862 867 1931 putato
885 1854 1024 1930 temperi,

244 1959 245 1964 ¹
324 1936 396 1998 Nisi
417 1939 474 1998 bos
496 1937 583 1998 nevis
606 1939 758 2012 dirimere,
783 1940 836 1998 sed
857 1939 1052 1998 committere.

324 2021 375 2084 Ul.
419 2021 498 2096 Quid
521 2030 578 2095 est,
597 2025 709 2082 amici?
734 2044 797 2083 vox
820 2024 995 2084 Atridarum
1017 2024 1124 2098 procul

326 2106 425 2185 Super
445 2109 504 2166 boc
524 2108 645 2166 valente
667 2116 787 2168 mortuo
809 2110 884 2167 mihi
901 2108 1019 2167 accidit.

249 2190 317 2246 1310
326 2197 403 2272 Aga.
444 2197 493 2252 An
516 2213 590 2265 non,
612 2193 737 2270 Ulysse,
759 2196 856 2253 verba·
873 2185 1108 2265 dictu'infamia,

325 2279 365 2338 Et
384 2279 495 2355 probra
517 2279 555 2336 ab
575 2278 635 2339 isto
659 2298 755 2355 nuper
776 2279 1008 2338 exaudivimus?

325 2364 375 2423 Ul.
402 2365 488 2439 Quae
500 2364 633 2441 probra?
643 2365 761 2440 culpam
774 2366 855 2424 haud
867 2371 1040 2437 commoret,
1057 2382 1106 2421 me
1118 2362 1232 2434 iudice,

326 2447 360 2509 Si
382 2450 448 2524 quis
470 2449 550 2509 male
571 2450 731 2523 audiendo,
753 2451 919 2527 respondet
935 2450 1025 2507 male.

327 2535 405 2611 Aga.
450 2535 531 2592 Male
549 2536 658 2593 audiit:
682 2555 814 2613 namque
835 2536 889 2593 ille
907 2554 956 2593 me
978 2534 1080 2593 affecit
1097 2532 1190 2591 male.

250 2617 376 2677 131531.
448 2620 559 2679 Affecit
575 2620 699 2694 ¹adeon’,
721 2629 754 2681 ut
775 2621 831 2680 tibi
850 2621 909 2679 siet
926 2619 1027 2678 male?

325 2704 403 2779 Aga.
446 2702 595 2780 Numqui
616 2705 800 2782 insepultum
823 2725 857 2765 se
870 2707 929 2764 hoc
946 2706 1130 2764 omissurum
1140 2710 1235 2781 neget

327 2786 475 2861 Cadaver,
497 2796 613 2849 utnon
635 2792 762 2850 tumulet
782 2792 901 2850 iniussu
923 2810 1002 2850 meo.

326 2873 377 2933 Ul.
421 2873 547 2931 Licetne
569 2877 666 2935 amico
689 2877 830 2953 proloqui
849 2877 952 2934 ve'rum
973 2875 1027 2933 tibi

327 2958 396 3016 Tua
416 2957 498 3016 baud
516 2960 644 3033 minore,
665 2981 754 3036 quam
775 2962 871 3039 prius,
894 2980 961 3019 cum
982 2959 1102 3038 gratia?

251 3046 319 3101 1330
327 3046 404 3122 Aga.
442 3042 538 3101 Licet.
559 3063 630 3101 nam
652 3054 681 3103 et
705 3056 788 3107 esset
810 3046 981 3120 caeteroqui
997 3044 1157 3104 iniurium:

327 3128 528 3206 Praecipuum
554 3129 682 3187 amicum
703 3150 771 3189 cum
793 3140 823 3190 te
846 3132 877 3189 in
899 3130 1022 3209 Argivis
1043 3136 1156 3205 putem.

249 3250 250 3257 .
326 3215 377 3274 Ul.
420 3214 508 3275 Audi.
530 3232 583 3288 per
602 3233 658 3291 ego
680 3224 711 3273 te
730 3217 866 3289 caelites,
891 3236 929 3274 ne
949 3214 1057 3292 proiici

326 3300 432 3359 Virum
453 3299 639 3377 insepultum
659 3300 738 3358 hunc
761 3301 830 3360 siris
852 3300 1077 3359 inclementius:

327 3383 394 3443 Nec
417 3406 453 3445 eo
475 3403 571 3460 usque
593 3393 622 3443 te
645 3385 708 3445 odii
727 3387 877 3463 provehat
892 3384 1043 3458 licentia,

252 3478 319 3532 1335
327 3468 370 3527 Ut
393 3490 482 3529 omne
502 3472 609 3545 iusque
631 3471 739 3545 fasque
762 3470 943 3548 prosubigas
966 3471 1053 3547 pede.

328 3554 405 3611 Mihi
425 3556 559 3620 omnium
579 3556 632 3615 ille
650 3574 795 3634 pessume
812 3555 952 3616 infensus
973 3557 1041 3628 fuit,
1175 3630 1179 3638 ·

327 3638 376 3697 Ex
388 3655 453 3713 ‚quo
475 3660 559 3698 arma
581 3642 694 3701 Achilli
713 3642 767 3699 lite
789 3647 897 3699 nostra
917 3641 1071 3699 evicimus.

329 3720 391 3785 Sed
410 3729 513 3784 1111111
536 3745 592 3804 ego
612 3728 698 3801 illum
718 3735 780 3787 tam
808 3726 889 3785 mule
907 3726 1072 3784 animatum
1094 3724 1170 3781 mibi
