2884 4650
724 503 874 596 „fl-

346 671 374 734 O'
395 672 474 731 mala
494 672 649 731 victoreml
669 673 750 746 quod
769 692 826 732 nos
844 673 1009 748 adgressus
1028 671 1170 744 iumen,

388 758 479 833 Quod
499 764 551 814 tua
573 777 631 814 non
655 775 726 815 arcu
745 758 878 834 reppulit
896 772 982 814 arma
1005 769 1070 814 suo.

345 925 374 984 6.
416 927 455 984 Io
475 925 603 984 Palicum
625 924 801 984 castaneae
821 929 872 984 des
891 926 1010 996 Rata,
1031 925 1259 1002 eloquentissimae
1327 938 1328 979 1

729 1016 869 1085 poetriae.

346 1094 493 1153 Pulicelle
516 1094 613 1170 niger,
636 1094 748 1171 nigelle
769 1095 879 1167 Pulex,

345 1180 499 1237 Incitatior
521 1178 658 1237 haedulis
680 1179 823 1255 petulcis,

345 1265 515 1324 Delicatior
536 1263 669 1321 hinnulis
691 1265 826 1337 tenellis,

345 1350 439 1409 Docti
459 1367 586 1425 passere
608 1349 735 1423 nequior
757 1348 880 1419 Catulli,

347 1434 462 1495 Stellae
483 1432 624 1492 blandior
644 1434 747 1492 albula
763 1435 920 1505 columba;

347 1520 416 1594 Qua
435 1528 465 1577 te
486 1537 650 1594 prosequar
673 1537 765 1577 aurea
786 1519 932 1576 camena?

346 1605 416 1680 Quo
436 1612 466 1661 te
486 1603 608 1662 nomine
624 1605 810 1680 praedicem,
828 1625 847 1662 o
865 1606 954 1662 beate

345 1689 445 1747 Pulex
466 1689 592 1765 pumile,
614 1690 764 1765 pumilille
781 1690 904 1748 Pulex?

344 1779 393 1834 An
416 1774 507 1849 quod,
525 1792 591 1831 cum
614 1773 688 1834 libet
711 1795 747 1834 os
773 1794 859 1832 meae
880 1773 1003 1852 puellae

346 1859 414 1918 Tuo
438 1878 590 1935 purpureo
612 1880 662 1918 ore
685 1860 865 1935 suaviaris:v

345 1945 432 2017 Mihi,
453 1963 520 2002 cum
541 1944 624 2017 libet,
649 1965 684 2004 os
707 1965 793 2003 meae
814 1945 934 2022 puellae

346 2033 416 2089 Meo
440 2050 502 2088 non
524 2027 595 2087 licet
617 2051 670 2089 ore
694 2031 849 2090 suaviori?

345 2118 394 2174 An
417 2115 497 2190 quod
518 2133 585 2172 cum
608 2116 700 2173 subiit
721 2116 780 2173 cibi
800 2115 952 2190 voluptas,

347 2199 421 2258 Non
444 2199 476 2256 in
500 2199 678 2274 quadriviis,
699 2219 796 2274 neque
818 2200 989 2277 angiportis

344 2285 478 2345 Plebeos
500 2284 605 2344 avidus
627 2286 709 2345 cibos
731 2285 848 2363 liguris,

347 2368 409 2431 Sed
427 2370 458 2427 in
480 2370 620 2429 lacteolis
642 2371 741 2430 latens
764 2370 900 2448 papillis,

346 2456 481 2532 Tingens
502 2456 640 2533 virgineo
661 2476 768 2515 cruore
789 2464 932 2530 rostrum,

345 2540 460 2599 Plenus
483 2542 613 2601 nectaris
642 2550 671 2600 et
695 2540 780 2602 satur
800 2543 932 2601 recedis:

266 2628 269 2633 ’
346 2628 419 2684 Mox
440 2625 658 2687 circumsiliens
680 2628 774 2687 modo
793 2629 851 2685 huc
870 2628 962 2686 modo
984 2630 1067 2702 illuc,

347 2713 447 2769 Meras
471 2710 609 2785 delicias,
632 2732 734 2772 meros
756 2731 885 2784 amores,

346 2795 442 2854 Ludis
468 2796 569 2855 ebrius
594 2798 625 2854 in
649 2799 716 2856 sinu
741 2797 882 2874 puellae?

346 2885 435 2940 Anne
458 2881 535 2954 quod
558 2881 686 2940 Veneria
710 2883 833 2940 satelles
856 2882 954 2956 audis,

348 2966 469 3024 Vindex
489 2966 648 3025 falsidicae
669 2968 828 3041 malaeque
851 2967 984 3046 linguae,

347 3050 423 3112 Cum
447 3051 568 3128 periura
590 3052 675 3111 Deos
698 3052 802 3129 puella
824 3052 924 3125 laesit,

241 3150 251 3167 ·
346 3141 447 3213 Atque
469 3134 615 3195 ulciscere
639 3138 760 3197 saucios
783 3156 915 3211 amores,

347 3222 434 3281 Foris
456 3222 609 3281 morsibus
630 3232 778 3299 appetens
799 3224 950 3282 lacertos?

346 3307 406 3364 Illa
427 3308 458 3364 in
480 3307 600 3365 insidiis
622 3317 752 3380 morata,
776 3308 835 3367 soli

346 3392 506 3450 Vindictae
527 3392 674 3466 imminet,
692 3411 729 3451 ac
748 3393 856 3453 favens
878 3392 988 3464 dolori,

349 3474 508 3553 Suspenso
530 3479 690 3537 meditetur
711 3496 812 3557 unguo
832 3486 971 3536 mortem:
1076 3478 1261 3555 [supeant]

347 3562 396 3619 Tu
418 3564 528 3622 cessim
550 3565 643 3641 iugis,
667 3572 702 3622 ct·
718 3565 797 3641 iugis
819 3564 979 3633 recessim

347 3650 392 3707 Ac
413 3648 601 3708 subsultibus
625 3650 695 3708 hinc
718 3658 748 3707 ot
766 3650 837 3706 hino
854 3649 954 3708 citatis

347 3732 457 3793 Vibras
481 3735 629 3807 cruscula,
653 3744 683 3793 et
701 3735 857 3813 improbae
877 3734 997 3812 puellae
