2884 4650
595 558 748 653 Q

218 720 340 787 Πάντας
360 720 537 805 φοβεῖσθαι,
557 726 646 785 πᾶσιν
665 723 699 791 ὃς
718 724 863 807 φοβερὸς,
883 725 994 809 χρεών.

219 804 354 872 Φειδοῦς
374 805 408 869 τδ
430 804 511 868 λιτύν
537 806 615 869 ἐστιν
642 807 760 875 ἐνδείας
782 807 865 875 ἀκος.

213 889 383 971 Ἀρνητιιῖιν
407 890 562 973 φειδωλὸς
584 889 671 974 εὗρεν
691 892 800 954 αἰτίαν.

216 972 356 1055 ῗΑρνεῖθ
381 973 494 1058 ἑαυτῷ,
515 975 692 1059 δυσπύριστ’
714 975 905 1058 αἰτούμενος.
998 1049 1002 1055 ¹

215 1056 414 1140 Ἀτοπήματ’·
434 1059 494 1120 αἰεὶ
519 1058 629 1142 μεγάλ’
651 1059 845 1122 ἀπιστεῖσθαι
868 1062 961 1144 φιλεῖ.

219 1141 273 1228 Τφῖ
296 1143 443 1226 δυστυχεῖ
464 1144 620 1226 κράτιστον
641 1144 808 1228 ἀπράγμων
832 1145 905 1230 βίος.

219 1224 319 1291 Οὐδὲν
339 1226 483 1310 ἀφελοίη,
504 1228 583 1310 πλὴν
609 1228 683 1312 ὅπερ
708 1227 835 1306 ἔδωκεν,
854 1230 941 1313 τύχη.

219 1309 283 1375 Τοῦ
304 1315 357 1373 νοῦ
377 1315 559 1417 κρατοῦντος
579 1310 690 1394 ὄμματ’
714 1312 774 1397 ούχ
797 1314 975 1397 ἁμαρτάνοι.

217 1394 325 1479 Μηδὲν
347 1394 477 1471 σθενειν,
496 1392 558 1457 ἔστι
580 1395 713 1459 θανόντα
734 1401 788 1480 ζῇν
810 1396 893 1461 τύδε.

219 1477 285 1544 Οὐκ
306 1478 383 1542 ἰδιον
406 1481 483 1562 ἡχοῦ
501 1478 535 1542 τύ
557 1503 592 1562 γε
613 1482 752 1565 πεφυκὸς
773 1481 814 1564 μὴ
837 1481 947 1566 μένειν.

219 1561 258 1626 Τί
276 1562 395 1647 α’ίσχιον
414 1562 557 1647 γέροντος
581 1564 614 1633 δς
634 1569 688 1647 ζῇν
714 1564 857 1649 ἀρχεται;

215 1645 269 1711 Ἐν
292 1648 475 1731 ἁψιμαχίαις
490 1648 515 1731 ἡ
541 1650 673 1734 ἀκρίβει’
698 1649 863 1713 ὀλισθάνει.

220 1730 245 1794 Ω
270 1730 363 1816 ῥῆγμ’
386 1732 530 1808 ὕποπτον,
552 1734 609 1795 οὐκ
632 1734 776 1817 ἐρειπίοις
797 1734 897 1798 θάνοι.

220 1811 286 1879 Οῦκ
312 1814 444 1899 εὐτυχὴς
464 1814 533 1878 ἔσθ’
560 1818 640 1885 ὅστις
659 1818 719 1902 οἰιχ
743 1819 827 1903 αύτφῖ
846 1820 939 1882 δοκεῖ.

220 1897 286 1964 Οὐκ
308 1899 436 1981 ἀχαθδν,
459 1899 538 1963 εἶναι
557 1906 611 1964 τοῦ
633 1906 730 1965 κακοῦ
755 1903 892 1985 κρείττω,
911 1907 1008 1967 καλῶ.

216 1981 296 2047 Ἔλά
320 2006 399 2045 ιοτον
424 1984 481 2047 οῦκ
505 1983 572 2047 ἔσθ’
595 1984 669 2069 ὅπερ
694 1985 820 2048 ἔλαττον
843 1987 990 2051 ἀπλέτου.

220 2066 285 2133 Ούκ
307 2092 370 2130 εστι
395 2069 431 2151 δή
457 2090 522 2144 σον,
545 2069 617 2131 ὅσον
637 2070 758 2152 ἐποίησ’
780 2069 905 2155 ἡτύχη.

220 2150 262 2216 Τύ
287 2174 335 2214 σοι
356 2153 594 2233 δυσαγκάλιστον
620 2153 726 2223 ἐπίθες
746 2155 863 2238 μηδενί.

220 2232 319 2300 Οὐδὲν
340 2236 409 2319 μέγ’
436 2236 509 2316 ἐστὶ,
529 2237 608 2321 πλὴν
633 2238 821 2322 ἀμίσθωτον,
844 2239 948 2306 κακύν.
1070 2292 1072 2296 .

220 2319 319 2385 Οὐδὲν
341 2326 470 2384 τοσοῦτο
491 2320 610 2406 κέρδος,
631 2327 673 2392 ὡς
695 2324 804 2408 φειδὼ,
824 2322 924 2388 πέλοι.

215 2405 402 2474 Ἀκινδύνως
423 2405 479 2469 οῦκ
498 2404 561 2469 ἔστι
579 2408 719 2471 κινδύνου
741 2413 872 2491 κρατεῖν.

221 2488 265 2554 Οὐ
292 2493 356 2557 τοῖς
378 2495 527 2573 παροῦσιν
552 2491 636 2560 ἐλπὶς
658 2489 795 2575 ἀρκεῖται
815 2495 905 2577 κακή.

221 2572 287 2638 Ούκ
308 2574 437 2659 ἀτρεμεῖ
454 2574 528 2637 πάθ)
553 2577 571 2659 ἡ
595 2577 766 2660 συνείδησις
784 2578 874 2661 κακή.

220 2657 412 2744 Πειθαρχίας
431 2661 464 2722 τδ
485 2662 577 2728 κῦδος
601 2661 718 2724 ἰσοῦται
739 2662 851 2743 κράτει.

219 2741 324 2827 Μέρος
344 2744 477 2827 χάριτος,
501 2745 635 2808 αἰτοῦσιν
659 2745 820 2828 ἀρνεῖσθαι
838 2748 925 2832 ταχύ.

219 2825 299 2910 Νικᾷ
323 2828 363 2890 δί’
390 2826 481 2890 αἰῶν’
504 2830 523 2911 ἡ
547 2830 763 2913 φιλοικτίρμων
786 2829 883 2914 φύσις.

219 2909 329 2997 Κίμβιέ
351 2912 464 2996 ἀφῆλιξ
488 2914 604 2998 μακρὸν
625 2915 661 2976 ού
688 2915 841 2998 βιώσεται.

219 2993 369 3079 Καθαράς
389 2998 422 3059 τδ
445 2997 531 3059 θεῖον
554 3001 671 3082 χεῖρας,
694 2997 729 3060 οῦ
752 2999 880 3082 πλήρεις
899 3005 1016 3064 σκοπεῖ.

212 3074 284 3143 “00’
308 3081 370 3143 ἐστὶ
392 3081 594 3165 μεταμελητέ’
621 3083 651 3145 ἐν
676 3088 785 3168 μακρῷ
807 3084 882 3169 βίῳί

217 3162 273 3232 Ὡς
294 3164 392 3227 οἶκτον
414 3167 493 3228 αἰτεῖ
512 3168 552 3250 μή
573 3167 643 3229 ποτ’
660 3167 792 3236 οἰκτίσας
813 3169 926 3252 πάροςί

221 3244 331 3317 Οὐδεὶς
349 3250 379 3312 τί
398 3249 526 3313 δύναταί
543 3250 574 3332 γ’
597 3250 673 3327 οἶδε,
694 3252 772 3335 πλὴν
794 3257 903 3333 πεῖραν
929 3253 1051 3336 λαβώνί

211 3329 271 3394 Ὧν
294 3334 399 3418 πρᾶξις
422 3333 545 3419 αἰσχρὰ,
568 3335 609 3418 μὴ
634 3336 717 3399 δύκει
741 3334 809 3401 τάδ’
830 3336 976 3441 εύστορα.

217 3414 272 3486 Ὠς
291 3420 449 3501 προπετὲς,
473 3420 531 3482 ἀπε
574 3419 630 3482 οῦκ
652 3420 750 3499 οἶδας,
773 3421 893 3484 ἀθετεῖν
916 3441 1032 3502 ακριτα.

212 3497 254 3565 Ὃ
276 3502 395 3580 ποθεῖς,
417 3501 501 3588 έχοις
522 3443 568 3581 ἀν,
590 3505 626 3589 ἢν
648 3504 681 3568 τύ
701 3505 730 3587 χ’
753 3504 883 3589 ἀρκέσον
903 3503 1014 3588 ποθῇς.

216 3585 284 3649 Ἀεὶ
308 3588 459 3673 φοβηθεὶς
480 3589 612 3674 κρίνεται
632 3588 708 3653 καθ’
732 3588 863 3671 ἡμέραν.

219 3668 285 3734 Ἀεὶ
304 3673 418 3736 κακίων
440 3673 459 3755 ἡ
483 3672 613 3736 ἐπιοῦσα
634 3677 686 3758 τῆς
707 3676 833 3756 προτοῦ.

220 3752 258 3819 Εἰ
280 3755 317 3818 τά
339 3757 407 3820 κάκ’
432 3759 499 3820 ἀνεῖ
515 3759 561 3834 σὲ,
582 3758 775 3840 πλημμελεῖς
794 3759 890 3820 ποιῶν
914 3758 1004 3822 καλά.
