2884 4650
547 487 697 583 *Lm-

160 655 212 713 Ad
234 655 312 713 vada
335 656 494 734 sanguinei
518 657 677 717 Amsancti
696 664 787 731 atque
808 658 953 717 obnubila
963 660 1077 739 templa

162 740 304 816 Undique
325 748 484 799 ventantes
506 741 640 800 humana
659 741 783 819 piacula
803 750 938 818 propter,

161 824 307 883 Vesanae
328 833 417 901 atque
437 826 588 903 petulcae,
612 828 774 905 flagrorum
797 827 916 904 agmine
939 836 1076 901 ovantes,

160 910 317 988 Angitiae,
338 911 470 984 ultrices,
493 912 678 990 rigidaeque,
702 921 791 987 atque
811 912 1038 989 bispidiv'estes,

161 994 341 1069 Terribiles,
361 995 434 1056 Orci
454 1007 573 1074 gnatae,
595 997 884 1074 Vortumnifigurae,

161 1081 285 1154 Aeriae,
306 1081 434 1154 invisae,
456 1081 588 1141 leviores
609 1090 754 1159 praepete
774 1090 884 1140 mente.

160 1164 244 1225 Nam
267 1185 365 1241 neque
385 1166 435 1224 vel
458 1168 552 1225 citimi
576 1165 660 1229 Solis
681 1169 849 1242 Lunaeque
871 1167 1001 1240 labores,
1022 1228 1024 1236 ⁴

160 1249 232 1309 Nec
249 1252 344 1309 virtus
368 1252 609 1328 sapientipotens
630 1272 685 1311 nec
711 1271 839 1311 amoena
858 1259 1002 1311 venustas

161 1336 332 1409 Artificum,
356 1336 464 1397 aetatis
485 1338 598 1396 nitidae
621 1357 677 1396 nec
698 1338 803 1396 adulta
823 1338 975 1410 iuventas,
1031 1378 1067 1401 -x

161 1421 270 1481 Invitis
294 1422 381 1481 vobis
403 1422 546 1499 agitarint
564 1423 675 1501 gaudia
693 1423 784 1481 laeta.

163 1504 292 1581 Semper
315 1514 346 1564 at
365 1508 397 1564 in
417 1508 507 1567 terris
528 1508 680 1567 bominum
700 1506 840 1567 mortalia
862 1507 946 1565 secla

161 1592 285 1651 Iustitia
305 1592 409 1669 regitis
430 1593 592 1653 reddentes
615 1613 708 1652 aurea
727 1594 803 1652 iura.

164 1674 228 1737 Sed
251 1676 348 1735 Divae
372 1679 501 1751 Martae,
522 1680 772 1755 serpenticomae,
794 1677 970 1748 Volturnae,

163 1762 227 1820 Vos
246 1761 398 1837 placatum
421 1764 554 1821 animum
579 1763 694 1821 meliori
718 1763 836 1821 reddite
856 1762 960 1820 menti.

281 1932 440 1990 Mororum
464 1932 634 1990 Pentrorum
654 1932 795 2006 suffimen,
817 1941 958 1989 aromata.
1036 1931 1077 1991 69

164 2015 336 2076 Consentes
358 2017 470 2075 Manae
491 2015 674 2075 celebrabile
696 2036 808 2073 numen
828 2016 987 2088 babentes,

163 2102 234 2159 Huc
256 2109 358 2160 castae
379 2100 517 2161 induforo
538 2110 704 2180 prognatae
724 2101 834 2159 Diiove
853 2119 959 2177 pusae,
1012 2119 1018 2131 ·

162 2187 266 2245 Pusae
288 2186 453 2245 Tartareae
473 2187 597 2245 Iunonis
622 2186 745 2245 alumna
763 2205 927 2264 propagas,

164 2272 328 2331 Humanae
349 2290 425 2348 quae
445 2279 549 2332 censet
569 2272 673 2348 iniqua
694 2272 814 2359 piacula
833 2272 944 2350 gentis,

162 2357 298 2418 Ultrices
320 2357 479 2430 scelerum,
503 2358 638 2418 excubiis
659 2358 769 2436 vigiles
793 2357 955 2430 inhiantes,

165 2443 329 2516 Atrioutes,
352 2443 551 2503 scintillantes
575 2462 667 2520 grave
686 2443 788 2520 fulgur
809 2442 926 2522 ocellis,

105 2557 108 2562 ·
166 2528 276 2589 Sacros
299 2528 508 2605 carnificisque
533 2530 678 2588 micantes
697 2527 822 2586 luminis
844 2527 943 2605 ignes,

164 2614 314 2692 Reginae,
335 2621 489 2687 aeternae,
511 2621 698 2690 postvertae,
720 2612 951 2688 terriculaeque,

166 2699 311 2757 Tortores
332 2698 453 2758 stimulo
471 2699 603 2758 fatorum
626 2698 695 2756 iura
713 2706 865 2769 tenentes,

164 2783 343 2842 Nocturnae
362 2803 469 2860 pusae,
492 2784 660 2856 voltuosae,
684 2782 914 2856 crinicolubres,

166 2869 229 2928 Vos
253 2888 392 2942 veneror,
412 2888 464 2928 vos
487 2876 588 2926 mente
610 2869 662 2945 pia
684 2868 900 2928 adventassere
922 2866 1046 2926 amicas.

167 3040 263 3097 Dicae
283 3039 443 3097 Larundae
467 3037 669 3096 Mostellocioc
689 3041 831 3116 suffimen,
854 3031 995 3096 aromata.
1037 3035 1079 3093 70

166 3125 213 3182 Te
235 3143 364 3184 veneror
385 3141 544 3182 summane
562 3123 715 3196 Lemuria,
739 3124 823 3202 virgo
844 3122 966 3200 paluda,

166 3208 265 3283 Quam
284 3229 382 3286 prope
405 3207 573 3267 Avernales
595 3209 694 3267 fluxus
720 3208 892 3268 veneranda
912 3205 1023 3282 parivit

167 3299 288 3353 Arcano
307 3294 467 3353 commista
488 3292 556 3352 Iovi
576 3294 761 3371 Proserpina
781 3311 894 3352 amore.

166 3381 207 3438 Et
230 3378 300 3456 quoi
321 3379 479 3442 concubuit
499 3378 556 3438 Dis
577 3380 694 3452 fraude,
719 3377 868 3455 cupidinis
890 3382 977 3433 aestu

168 3464 317 3536 Calvitus,
339 3465 490 3540 traxitque
513 3465 709 3523 bimembrem
732 3463 830 3521 matri'
852 3460 992 3520 colorem.

169 3548 254 3624 Quae
275 3567 370 3627 genus
389 3549 554 3607 humanum
572 3550 664 3608 furiat
681 3548 847 3607 larvalibus
868 3543 994 3616 umbris,

170 3634 330 3695 Omnifera
350 3633 453 3710 specie
475 3643 663 3694 commutans
686 3633 811 3691 horrida
833 3631 931 3701 volta3

169 3719 258 3778 Nunc
282 3719 365 3778 clara
386 3737 550 3797 apparens,
571 3737 650 3778 nune
671 3717 797 3778 fuscans
818 3725 904 3776 noete
923 3716 1059 3794 figuram

835 3827 876 3886 26
