2884 4650
614 512 765 607 „uc

230 678 426 753 Undifluens‚
450 688 573 739 et’rava
594 689 694 753 tuens,
716 682 896 759 agitansque
918 682 1091 760 quadrigas,

229 765 491 842 Expergcfaciens
516 774 625 844 vegeto
647 766 727 825 vada
747 766 832 825 salsa
851 774 997 825 tremore:

231 850 340 909 Tertia
361 850 433 925 quoi
456 852 532 910 sorti
554 850 647 911 cessit
668 852 764 909 tutela
783 852 912 923 marina,

231 934 439 1013 Scamigerum
459 955 538 1013 pecu
558 955 676 1009 amans,
692 944 722 995 et
738 955 832 1011 aquas
851 936 928 1008 suli,
940 934 1060 993 caerula
1071 934 1145 993 Dias

231 1019 315 1081 Siste
337 1028 447 1079 statum
468 1029 578 1094 terrae,
603 1022 743 1098 aspirans
763 1023 847 1080 bona
867 1016 988 1079 navibu'
1009 1021 1115 1092 flabra,

230 1105 405 1181 Pacemqne
418 1113 508 1181 atqua
523 1106 651 1165 sulutem
667 1107 794 1179 addens,
806 1114 836 1164 et
843 1126 935 1183 opum
947 1124 1039 1163 aurea
1054 1104 1145 1163 dona.

501 1276 540 1333 In
566 1275 726 1347 Vaciovem,
749 1295 873 1335 carmen.
1108 1272 1145 1331 17

231 1358 438 1436 Magnanimo,
458 1359 629 1417 induferrtm
652 1362 831 1438 pervolgans
859 1361 945 1418 fulva
963 1361 1083 1433 silenta‚

232 1444 382 1501 Tartarea
402 1452 490 1518 atque
512 1464 668 1521 crepusca,
691 1446 822 1505 oblitcra
842 1454 930 1522 prata
947 1446 1093 1518 tenebris,

232 1528 374 1588 Tellumo
395 1528 553 1603 Vaeiovis‚
574 1530 687 1589 arserio
710 1538 740 1589 te
758 1533 818 1591 hoc
838 1551 962 1590 munere
982 1540 1089 1591 macto.

231 1612 290 1673 Dis
311 1614 363 1687 qui
387 1614 545 1673 cardincus
565 1615 682 1675 Terrae
702 1617 780 1675 cluis
801 1618 1038 1692 omniparentis:

232 1697 343 1759 Saecla
364 1699 453 1757 nimis
475 1700 574 1759 ditans
599 1702 740 1760 mortalia
761 1701 899 1779 frugibus
920 1703 1040 1776 hornis,

231 1784 339 1842 Tertia
359 1784 431 1858 quoi
453 1785 530 1843 sorti
551 1786 647 1846 tutela
668 1786 794 1845 obvenit
813 1788 938 1859 Averni,
977 1799 981 1808 '

231 1868 402 1929 Caelituum
423 1869 546 1942 solium,
572 1871 690 1928 firmum
710 1871 883 1929 stabilimen
908 1873 1084 1930 homonum.

231 1953 291 2028 Qui
316 1954 416 2013 solum
431 1954 539 2027 habes,
562 1955 601 2012 ad
614 1963 714 2013 castra
731 1956 887 2028 obnubila,
899 1963 987 2014 senta
999 1959 1146 2032 tenebris,

229 2039 417 2116 Longinqui‚
440 2039 566 2112 aeterni,
590 2048 620 2097 et
640 2040 841 2099 inexorabilis
863 2041 946 2113 Orci,

230 2128 331 2199 Atque
352 2125 527 2183 Acherunta
548 2133 655 2197 atrum,
677 2126 770 2184 terrai
785 2126 917 2184 immane
938 2134 1102 2185 statumen:

230 2211 304 2269 Iura
324 2217 433 2269 tenens
457 2209 611 2269 hominum
632 2211 744 2270 Mortsi
768 2231 903 2283 munere,
924 2219 1039 2284 sancte,

231 2293 344 2368 Conse,
366 2295 453 2354 Deae
479 2294 599 2356 Cereris
621 2314 747 2374 pueram
773 2297 825 2371 qui
847 2297 945 2356 victus
967 2316 1082 2371 amore,

233 2381 399 2441 Gramineo
422 2389 538 2456 raptam
557 2390 646 2459 prato
668 2401 725 2458 per
745 2382 868 2440 caerula
885 2382 974 2458 ponti

233 2466 424 2544 Quadriiugo
447 2468 579 2526 avexisti
602 2466 735 2541 equitatu
760 2467 798 2524 ad
815 2467 949 2526 Atthidis
973 2474 1102 2539 antrum,

233 2551 344 2610 Gentis
367 2552 550 2610 Eleusinae:
571 2551 622 2609 ubi
645 2559 715 2610 suut
735 2553 888 2628 spiracula
907 2552 1031 2611 Averni.

148 2701 150 2706 ,
232 2637 333 2698 Unice
354 2645 428 2694 nota
448 2636 533 2695 Deus
556 2654 684 2696 censens
705 2637 870 2714 ignotaque
892 2657 1002 2695 rerum.

232 2720 345 2793 Cerito,
365 2721 561 2797 induperans,
583 2722 787 2792 sanctissime,
813 2741 938 2797 compos
962 2724 1125 2795 honorum,

230 2801 355 2866 Vatibu'
380 2807 575 2882 praestitibus
599 2807 747 2883 gaudens,
769 2814 799 2864 et
818 2808 940 2866 cultibu'
961 2808 1089 2867 sauctisz

232 2892 317 2951 Mitis
340 2891 424 2964 ades,
447 2911 523 2969 rogo
546 2899 586 2964 te,
610 2892 708 2951 laetus
731 2889 939 2952 venerantibu'
962 2894 1070 2952 turbis.

400 3063 539 3121 Tonantis
560 3065 640 3120 Iovis
661 3063 802 3137 suffimen,
820 3071 970 3122 storacem.
1107 3061 1145 3120 ts

232 3147 381 3223 Iuppiter,
402 3146 527 3206 altisoni
546 3155 688 3222 torquens
711 3147 782 3206 loca
802 3147 942 3204 flammea
965 3147 1080 3221 mundi,

231 3231 442 3308 Fulgetrarnm
465 3233 582 3291 animas
601 3233 740 3309 crispans
762 3226 959 3307 petulantibn’
981 3233 1123 3306 flammis,

233 3315 406 3375 Coclituum
430 3318 519 3377 sudes
543 3335 752 3393 conquassans
768 3317 897 3375 fulmine
917 3335 1017 3390 sacro,
1169 3390 1171 3399 x

231 3401 442 3479 Flammigeris
465 3403 616 3481 stringens
642 3410 797 3478 streperos
817 3401 1002 3462 torrentibus
1022 3402 1124 3479 ignesz

234 3485 381 3544 Tormina
399 3487 460 3562 qui,
482 3489 614 3561 nimbos,
640 3482 732 3546 rubra
751 3485 823 3558 teia,
843 3487 978 3544 tonitrua
997 3489 1084 3545 bruta

233 3569 356 3644 Vibras,
378 3571 539 3632 involvens
563 3573 695 3631 animata
721 3566 891 3629 rubentibu?
910 3571 993 3645 telis,

231 3654 463 3729 Flammivoma‚
485 3665 515 3715 et
536 3658 766 3735 perterricrepa,
788 3655 933 3731 ir[r]itata
952 3658 1060 3731 ruinis,

233 3741 382 3820 Praepea
405 3761 499 3802 ovans
522 3743 626 3817 telum,
650 3741 883 3819 cordigrumum
906 3741 1144 3821 horricapillum.
