2884 4650
634 557 695 618 293

209 723 439 798 Promiseuique
456 725 566 801 uolgus
588 729 715 786 armenti
737 747 844 786 avoeo.

208 809 258 866 Ibi
278 810 402 868 bueeras
425 812 580 869 sternebat
601 813 781 885 animantes,
802 813 877 871 nibil

208 893 342 954 Perseus
364 895 475 953 furori:
499 896 588 954 modo
608 907 730 956 eruenta
746 897 887 956 credulus

209 980 302 1036 Manu
319 997 429 1036 neeare
455 981 573 1056 gemina
595 983 718 1042 Atridas
742 1001 886 1059 corpora:

208 1064 297 1122 Modo
317 1064 407 1136 hune,
429 1065 520 1124 modo
542 1066 627 1124 illum
647 1067 764 1126 seilicet
786 1075 921 1125 maetaus
940 1066 1056 1125 dueem.

208 1152 267 1207 Ast
286 1167 341 1226 ego
361 1150 456 1206 virum
478 1150 577 1210 furore
598 1160 763 1211 torrentem
782 1171 862 1230 vago

208 1233 373 1312 Urgebam,
393 1235 426 1292 in
447 1234 523 1293 altos
546 1236 675 1296 induens
696 1254 801 1297 nasses
823 1237 903 1295 mali.
1117 1243 1152 1298 6⁰

208 1319 375 1394 Postquam
398 1319 516 1378 remisit
536 1322 582 1380 ris
607 1322 719 1381 furoris
742 1323 779 1380 de
798 1341 883 1396 neoe,

174 1463 185 1482 ,
207 1405 355 1486 Armenta
375 1404 444 1462 viva
466 1407 676 1482 oompedarum
694 1407 823 1466 vinculis

209 1487 345 1564 Captiva,
367 1489 421 1548 sed
443 1508 508 1547 oum
530 1492 671 1568 gregibus
691 1493 813 1551 abducit
832 1493 966 1566 domum,

207 1573 360 1633 Homines
383 1582 491 1649 putans
515 1577 646 1654 abigere,
671 1597 731 1636 non
752 1579 861 1636 brutos
877 1595 1000 1656 greges:

211 1659 297 1734 Quos
319 1677 399 1716 nuno
419 1659 548 1736 flagellis
570 1663 678 1737 aooipit
698 1663 817 1722 vinctos
839 1663 928 1721 male.
1116 1673 1151 1726 65

208 1747 275 1821 Age
297 1744 411 1802 hunooe
431 1745 522 1804 sodes
545 1747 675 1824 indioem
698 1749 836 1806 morbum
855 1748 921 1821 tibi,

207 1829 244 1886 In
266 1829 376 1906 volgus
392 1837 426 1886 ut
448 1849 516 1887 eum
539 1831 672 1905 differas,
694 1831 746 1890 ubi
765 1832 887 1890 videris.
960 1846 964 1854 '

207 1913 257 1973 Ne
280 1913 434 1987 defetisoe,
458 1934 534 1974 neve
555 1917 665 1992 deputa
687 1917 719 1974 in
742 1917 821 1973 malo

209 1998 372 2057 Hominem
394 1999 506 2057 videre.
528 1999 675 2059 luminum
696 2020 824 2060 aversos
846 2019 904 2078 ego

209 2085 308 2144 Orbes
329 2085 494 2156 reflectam,
517 2104 577 2160 quo
599 2086 698 2145 minus
721 2093 752 2143 te
774 2085 891 2144 viderit.
1116 2094 1151 2146 70

249 2169 278 2228 Ο
303 2169 354 2242 qui
373 2169 516 2228 revinctis
540 2171 677 2229 manibus
701 2171 845 2230 abductas
865 2171 932 2247 agis
1094 2178 1097 2184 ’

208 2254 374 2313 Hominum
398 2261 544 2329 catervas,
568 2256 626 2313 huo
647 2255 802 2330 adesdum,
821 2263 852 2313 te
872 2273 960 2314 voeo.

207 2341 289 2400 Aiax
308 2340 374 2413 tibi,
396 2340 527 2415 inquam,
550 2342 624 2399 dieo.
647 2344 706 2399 iam
727 2343 816 2418 prodi
836 2342 930 2399 foras.

92 2464 95 2471 ,
208 2425 258 2484 Ul.
307 2425 388 2501 Quid
399 2426 476 2502 agis,
498 2427 656 2485 Minerva?
677 2446 716 2485 ne
735 2428 820 2485 foras
834 2426 989 2484 hominum
1008 2441 1114 2482 evoca:

207 2510 260 2569 Mi.
303 2506 405 2569 Potin’
431 2530 463 2569 es
485 2512 606 2569 tacere?
626 2530 682 2569 neo
703 2512 760 2570 tibi
780 2519 891 2569 metum
914 2509 1021 2569 obiice.
1115 2517 1150 2570 75

206 2594 258 2655 Ul.
306 2594 366 2668 Ne,
389 2596 511 2654 amabo:
536 2596 591 2656 sed
609 2598 764 2655 contineat
781 2597 864 2654 intus
886 2613 921 2653 se
940 2593 1031 2652 domi.

207 2681 260 2742 Mi.
302 2681 428 2739 Frustra
447 2681 570 2739 vereris.
602 2700 661 2739 non
683 2682 730 2739 vir
750 2681 831 2739 idem
851 2688 909 2754 est,
927 2680 979 2755 qui
999 2677 1092 2754 prius.

207 2764 257 2825 Ul.
307 2766 383 2823 Mihi
405 2766 503 2825 hostis
524 2766 604 2824 idem
627 2774 674 2825 est
695 2766 775 2842 ipse,
795 2767 848 2841 qui
869 2766 952 2841 prius
973 2764 1039 2822 fuit.

206 2851 260 2908 Mi.
302 2850 434 2909 illudere
455 2851 538 2911 hosti
556 2852 645 2909 ludus
668 2859 715 2910 est
734 2852 952 2910 suavissumus.

207 2934 258 2995 Ul.
305 2934 381 2993 Mihi
403 2936 523 3011 quidem
543 2937 664 2995 isthuno
683 2937 765 2995 intus
787 2937 900 2994 includi
921 2943 970 2995 sat
991 2944 1047 2995 est.
1115 2941 1152 2995 80

207 3021 260 3079 Mi.
302 3020 467 3079 Hominem
489 3022 592 3079 videre
612 3022 721 3080 mentis
744 3023 889 3098 impotem
906 3020 1010 3099 fugis?

206 3104 257 3165 Ul.
304 3104 415 3163 Videre
434 3106 544 3165 mentis
565 3114 738 3183 compotem
757 3126 881 3185 compos
901 3124 1019 3182 queam.

206 3190 260 3249 Mi.
303 3192 344 3249 At
362 3210 425 3249 non
445 3190 558 3249 videbit
576 3200 605 3249 te
627 3192 757 3267 quidem,
778 3193 915 3268 quamvis
934 3208 1040 3268 propa.

206 3275 257 3335 Ul.
307 3274 369 3334 Our
387 3296 460 3349 non,
486 3275 513 3335 si
524 3277 605 3335 idem
618 3278 713 3337 oeulis
726 3278 829 3336 lumen
841 3284 980 3353 usurpat,
990 3269 1116 3351 potest?

205 3361 260 3419 Mi.
302 3360 402 3435 Faxo,
421 3370 451 3419 te
473 3370 505 3421 ut
526 3363 622 3421 oeulis
645 3364 693 3423 vel
711 3364 817 3423 videus
840 3381 900 3419 non
922 3360 1040 3419 viderit.
1115 3361 1150 3415 85

205 3445 257 3505 Ul.
307 3447 424 3504 Mutare
446 3466 587 3525 magnum
605 3448 651 3507 fas
671 3450 818 3525 nefasque
839 3446 908 3505 Diis
928 3445 998 3503 leve
1019 3450 1075 3503 ast.

205 3531 260 3589 Mi.
307 3530 399 3605 Tace,
419 3538 450 3591 et
469 3533 600 3607 quiesee,
623 3540 712 3609 teque
734 3534 767 3590 in
789 3533 849 3591 hoo
867 3537 948 3589 statu
969 3537 1049 3587 tane.

205 3615 257 3675 Ul.
309 3614 431 3675 Certum
454 3625 501 3676 est
519 3626 632 3677 tenere.
654 3619 708 3677 sed
730 3617 807 3676 foria
830 3615 952 3673 mallem
973 3622 1085 3673 tamen.

205 3700 258 3760 Mi.
303 3700 390 3760 Heus
403 3709 444 3775 te,
459 3700 584 3761 audin'?
597 3703 687 3777 Aiax,
701 3700 954 3777 rursusappello.
964 3700 1114 3769 butades.

205 3784 269 3845 Cur
290 3806 402 3845 numen
420 3787 565 3845 auxiliare
584 3794 646 3845 tam
667 3786 754 3865 parvi
778 3786 874 3845 iboisi
1060 3826 1063 3833 -
1099 3781 1151 3837 '9⁰
