2884 4650
1536 498 1660 557 394

686 669 892 729 Hucce
938 668 1088 727 dicis
1133 686 1358 726 caussa.
1398 668 1792 726 advenientes
1836 668 2086 725 numine
2124 669 2319 727 amico

685 748 918 813 Mitibu’
965 754 1278 830 temperiis
1313 755 1582 811 futantes
1624 772 1776 812 sana
1816 753 2059 834 fluenta.

688 925 764 983 51
995 924 1321 981 Triennalis
1351 924 1550 981 Patris
1593 925 1873 998 suffimen,
1918 932 2203 981 aromata.

686 1008 826 1068 Huc
859 1008 1025 1067 adsis
1069 1008 1274 1081 Liber,
1314 1008 1612 1081 Lucumo,
1656 1007 2047 1065 celeberrime
2083 1006 2225 1079 Die,

686 1093 972 1166 Torcule,
1013 1092 1395 1165 Taurifrons,
1439 1101 1571 1152 sate
1614 1092 1889 1165 fulmine,
1938 1091 2157 1169 Nysie,
2202 1092 2436 1166 Faune,

685 1180 898 1239 Matris
945 1178 1206 1250 alumne,
1253 1180 1491 1236 sacrum
1539 1186 1735 1254 pater,
1778 1177 2104 1254 ignivome,
2142 1185 2202 1234 et
2222 1176 2507 1250 Velabre,

688 1264 1036 1335 Consentis,
1077 1271 1390 1335 nocturne,
1435 1262 1781 1340 geriferule,
1827 1270 1887 1319 et
1926 1262 2204 1334 tutulate,

685 1352 923 1407 Arcane
966 1355 1141 1422 atque
1176 1347 1400 1404 indicte
1443 1348 1611 1407 Iovis
1656 1348 1861 1424 stirpS,
1923 1347 2185 1405 Virtrius
2224 1348 2415 1406 idem:

685 1434 1054 1510 Primigena,
1098 1431 1163 1460 *⁶²*
1209 1440 1390 1507 atque
1432 1431 1635 1489 Deum
1678 1440 1851 1509 pater
1897 1440 1959 1490 et
1999 1432 2206 1508 stirps.

630 1563 635 1570 .
685 1518 922 1590 Baiule,
960 1517 1424 1593 sceptrigeram,
1477 1516 1896 1592 Saliorumque
1948 1517 2158 1576 histrio
2197 1518 2468 1592 praesul,

684 1603 1014 1662 Foemineo
1056 1602 1374 1661 stimulans
1420 1602 1625 1661 divina
1664 1603 1927 1660 triennia
1970 1610 2166 1661 coctu.

688 1687 1044 1764 Terricrepe
1089 1694 1264 1760 atque
1307 1685 1534 1763 Tages,
1581 1684 1873 1760 Lucetiu’,
1914 1687 2079 1764 pulle
2123 1686 2404 1761 bimater,

689 1770 1019 1845 Solemnis,
1063 1779 1326 1844 cornute,
1366 1771 1665 1848 Iugatine,
1711 1773 2175 1831 hinnulivestis:

686 1858 958 1930 Insinue,
1002 1858 1272 1928 Iuturne,
1317 1858 1657 1929 racemifer,
1704 1857 2059 1932 auriquiriti,

684 1944 993 2020 Virginee,
1041 1942 1306 2001 studiose
1350 1942 1686 2014 edei-arum,
1725 1943 1928 2001 vinule
1970 1943 2175 2015 Liber,

685 2028 1062 2123 Flamini-bus
1105 2028 1336 2099 faveas,
1369 2028 1737 2103 gratissime,
1782 2028 2027 2086 floribus
2069 2046 2324 2105 augens.

689 2198 769 2255 52
915 2198 1318 2255 Anniversarii
1361 2197 1643 2271 suffimen,
1687 2199 1879 2254 omnia
1911 2206 2150 2273 praeter
2186 2207 2295 2256 tus.

686 2283 884 2342 Elicio
931 2300 1112 2358 prece
1154 2290 1214 2341 te
1261 2280 1556 2341 solemnis
1603 2280 1883 2341 Tellumo
1928 2282 2134 2354 Liber,

691 2367 840 2427 Cum
880 2368 1104 2426 teneris
1143 2367 1361 2425 bland'e
1407 2367 1585 2425 simul
1628 2368 1932 2444 expergite
1980 2367 2254 2426 virabus:

689 2452 807 2526 Qui
850 2472 1094 2510 numero
1145 2452 1382 2528 sopitus
1421 2452 1500 2509 ad
1538 2451 1692 2509 atria
1734 2453 1992 2510 Liberae
2037 2456 2341 2524 Avernae,

687 2538 836 2596 Puri
875 2539 1162 2613 consopis
1205 2546 1463 2614 augusta
1502 2537 1763 2594 triennia
1801 2537 1975 2595 sacri.
1999 2550 2021 2572 ·

687 2628 886 2696 Atque
928 2624 1087 2681 idem
1135 2622 1387 2680 simulac
1434 2622 1522 2680 cis
1556 2622 1719 2679 festa
1762 2622 2025 2680 triennia
2072 2639 2306 2693 rursus,

687 2706 884 2765 Dulce
929 2709 1052 2766 cies
1103 2726 1236 2765 cum
1275 2707 1553 2770 cinctutis
1601 2707 1917 2765 nutricibu’
1964 2724 2228 2778 carmen,

688 2791 910 2866 Vagitu
949 2800 1238 2869 vegetans
1282 2801 1485 2851 coetus
1528 2793 1898 2850 vortentibus
1941 2791 2141 2849 annis·

687 2876 851 2952 Ergo
897 2877 1014 2934 hoc
1056 2877 1440 2954 frugivirens,
1480 2877 1647 2948 here,
1695 2877 1988 2954 corniger,
2039 2876 2289 2951 optime,
2328 2875 2511 2954 frugi,

688 2959 1088 3018 Pandiculare
1135 2980 1369 3020 sacrum
1413 2963 1602 3034 visae,
1650 2963 1756 3021 sed
1798 2963 2025 3019 lumine
2068 2961 2257 3032 laeto,

687 3044 1104 3122 Percoquibus
1146 3047 1359 3119 sacriS,
1401 3048 1663 3106 aeternis
1703 3047 1961 3124 frugibu’
2001 3053 2253 3103 mactus.

690 3217 769 3275 53
860 3215 1109 3285 Silvani,
1155 3215 1381 3285 Incubi,
1419 3218 1774 3275 Brumarum
1814 3218 2091 3292 suffimen,
2133 3233 2370 3272 manna.

687 3303 850 3363 Audi
887 3321 983 3360 me
1025 3299 1239 3359 Brumi
1283 3299 1442 3357 bone
1491 3303 1823 3360 nutricator
1868 3309 1929 3358 et
1972 3300 2146 3372 altor,

688 3387 882 3464 Inque
929 3387 1101 3445 statis
1141 3385 1331 3445 sacris
1373 3405 1499 3444 non
1543 3386 1757 3444 ultima
1801 3405 1943 3444 cura
1982 3385 2277 3455 Deorum,

687 3472 1030 3550 Magnaque
1072 3491 1214 3529 cura
1256 3470 1588 3543 hominum,
1634 3470 2024 3529 celeberrime
2064 3467 2489 3545 sylvanum-m,

687 3555 1004 3631 Hircipile,
1048 3564 1108 3614 et
1155 3575 1369 3614 sacrae
1406 3556 1653 3632 pompei
1696 3556 1945 3631 praesul
1991 3556 2276 3613 honeste:

687 3639 976 3715 Pervigil,
1020 3651 1201 3715 atque
1241 3641 1357 3699 tuis
1404 3641 1821 3711 iuvenesce115,
1861 3640 2069 3712 iubilo,
2112 3639 2373 3697 Faunis:

692 3727 1040 3787 Bruma-mm
1080 3727 1405 3783 cincturam
1449 3727 1665 3795 ederis,
1714 3735 2074 3801 praetorque
2118 3722 2408 3794 virorum,
