2884 4650
634 533 676 592 65

240 701 359 777 Ingenii
382 699 503 776 excepit
524 699 627 760 indole
650 711 740 779 capta
760 703 819 760 tui:

194 785 237 843 Et
259 785 364 862 legum
386 785 494 843 studiis
517 786 649 844 animum
671 787 832 846 emendare
852 790 969 848 severis

240 868 321 928 Dum
343 878 442 946 parat,
464 871 540 928 haec
559 871 649 930 tacito
670 874 764 931 verba
786 871 886 930 dolore
909 872 1006 933 dedit:

195 955 229 1016 Ογ
248 964 411 1032 praestans
434 955 538 1028 animi,
563 957 661 1034 gentis
684 976 757 1035 spes
781 975 899 1017 summa
923 957 1081 1034 Thuanae,

240 1038 276 1100 si
297 1059 359 1116 qua
377 1040 455 1099 Fata
476 1041 617 1118 sinaut[,]
638 1051 669 1099 tu
688 1060 810 1118 quoque
830 1057 958 1120 magnus
978 1044 1048 1104 eris.
1102 1077 1106 1086 ·

195 1123 276 1186 Sunt
288 1127 446 1201 ‘quaedam
466 1125 564 1202 leges,
587 1136 616 1184 et
639 1126 834 1185 ineluctabile
850 1146 951 1185 rernm

239 1210 372 1282 Foedus,
392 1218 422 1268 et
441 1210 502 1286 ipsi
523 1211 598 1270 adeo
618 1212 684 1269 iura
706 1213 864 1269 tremenda
882 1212 968 1270 Iovi:

196 1295 286 1372 Quae
308 1296 364 1354 tibi
387 1296 544 1368 crescenti,
565 1297 741 1372 coeptisque
763 1297 937 1376 ingentibus
957 1298 1090 1357 obstant.

239 1381 288 1440 Ah
312 1381 458 1452 sinerent,
479 1400 557 1456 quae
578 1381 657 1454 laus,
680 1391 794 1456 quanta
812 1383 929 1442 futurus
956 1387 1040 1443 erasi

196 1466 311 1524 Verum
332 1465 482 1542 primitias
504 1467 600 1524 nostri
624 1485 703 1524 nunc
720 1466 776 1524 illa
796 1467 919 1540 laboris,

240 1552 280 1610 Et
301 1569 421 1608 messes
446 1560 610 1628 properant
631 1571 718 1609 urere
742 1571 835 1611 saeva
851 1571 947 1611 meas.

196 1637 320 1695 Interea
340 1636 538 1710 quodcunque
558 1655 626 1694 meo
649 1637 685 1694 de
708 1656 833 1695 munere
854 1646 959 1711 restat,

239 1722 287 1793 Id,
309 1721 440 1792 iuvenis,
466 1720 548 1779 laudi
570 1723 684 1780 serviat
705 1741 796 1780 omne
818 1731 899 1801 tuae.

197 1806 319 1884 Ingenii
338 1805 437 1878 dotes,
460 1825 546 1865 mens
568 1807 794 1867 consultissima
816 1825 928 1880 rerum,

241 1892 281 1950 Et
301 1890 468 1968 castigatae
493 1891 539 1950 vis
561 1891 686 1950 rationis
709 1892 775 1965 erit,

198 1975 365 2052 compositi
387 1983 502 2053 gestus,
527 1984 557 2033 et
577 1983 696 2035 torrens
720 1979 807 2053 copia
825 1977 919 2049 fandi,

239 2062 280 2120 Et
302 2062 381 2119 bene
402 2081 457 2137 pro
476 2061 602 2138 trepidis
625 2061 730 2139 lingua
750 2063 865 2121 diserta
882 2063 954 2120 reis.
1053 2074 1056 2083 “

197 2147 257 2207 His
277 2154 310 2203 tu
333 2146 495 2223 praesidiis
517 2148 641 2220 quaevis
664 2148 733 2205 for'a
755 2156 837 2206 tutus
857 2147 946 2205 obito.

240 2232 316 2308 Ipsa
337 2231 500 2308 patefaciet
523 2230 614 2290 Curia
637 2251 748 2310 magna
770 2233 865 2304 fores3

197 2317 318 2377 Doctus
340 2317 483 2398 honorato
503 2316 597 2375 Pater
615 2326 648 2375 ut
669 2326 700 2377 te
724 2317 855 2395 gaudeat
877 2317 961 2389 olim,

240 2404 281 2462 Et
304 2402 385 2460 docti
402 2402 503 2461 Patris
526 2402 662 2460 maxima
680 2411 781 2461 castra
801 2404 911 2461 forum.

199 2486 330 2548 Caetera
350 2487 493 2546 Fatorum
515 2484 627 2545 fuerint
651 2488 706 2546 tibi
727 2488 793 2545 iure
814 2495 941 2564 negata:

240 2574 408 2632 Parcarum
429 2572 532 2631 invitis
553 2573 672 2649 legibus
696 2574 757 2631 ista
779 2573 870 2630 feres.

197 2658 269 2717 Non
290 2658 347 2716 tibi
367 2657 482 2733 plebeis
506 2658 631 2716 sordent
653 2658 806 2715 natalibus
827 2665 921 2728 ortus,

241 2742 311 2802 Nec
332 2743 450 2801 levibus
472 2743 566 2801 titulis
587 2740 639 2801 'est
660 2751 713 2800 tua
733 2742 810 2799 fulta
832 2742 947 2799 domus.

199 2830 269 2901 Ilia,
291 2828 480 2887 Parisiacam
501 2836 641 2905 regerent
664 2827 856 2905 qui‘legibus
878 2828 995 2898 urbem,

242 2914 416 2988 Purpureos
440 2914 558 2989 peperit
577 2920 699 2989 pectora
722 2913 811 2971 docta
829 2912 948 2971 Patres.

200 3000 276 3057 Inde
299 2999 506 3075 magistratus,
530 3006 560 3055 et
582 2998 743 3074 splendida
765 2994 896 3069 nomina,
919 2998 1058 3066 honores,

245 3082 395 3157 Olaraque
417 3084 454 3140 ab
477 3084 635 3141 innumero
659 3082 759 3159 gloria
778 3082 874 3160 fulget
896 3101 962 3139 avo.

202 3169 352 3245 Quaeque
375 3168 457 3227 venit
477 3168 571 3227 virtus
596 3167 690 3225 multo
712 3169 852 3243 quaesita
874 3167 986 3236 labore,

245 3253 381 3331 Legibus
400 3252 514 3330 incepit
535 3252 691 3329 sanguinis
716 3270 786 3311 esse
804 3261 865 3310 tua.

205 3339 307 3415 Quare
328 3357 395 3415 age,
416 3339 484 3396 dum
507 3338 606 3395 famae
626 3337 726 3413 plenis
747 3346 836 3414 potes
858 3336 958 3395 omine
978 3329 1055 3391 velis

246 3422 366 3501 Ingenii
384 3442 513 3501 magnos
537 3422 719 3499 explicuisse
741 3424 843 3481 sinus:

203 3509 231 3582 I,
250 3508 380 3580 iuvenis,
401 3509 456 3566 tibi
477 3516 619 3585 provecto
641 3508 700 3564 iam
721 3508 820 3564 laudis
841 3506 873 3561 in
894 3502 986 3559 altum

247 3592 411 3669 Temperet
431 3601 464 3650 ut
486 3612 591 3651 cursus
614 3612 686 3651 aura
708 3590 841 3650 secunda
858 3596 942 3647 tuos:

206 3677 311 3753 Teque
334 3677 407 3736 olim
427 3678 519 3754 patrii
541 3678 665 3736 miretur
685 3683 717 3751 qt
739 3675 812 3732 ordo
837 3671 943 3733 Senati

249 3760 403 3821 Celtarum
423 3782 532 3841 magno
552 3781 667 3840 ponere
688 3761 756 3818 iura
776 3760 852 3818 foro.

896 3872 915 3929 5
