2884 4650
742 518 804 577 286

361 686 568 760 Ambrosiam,
589 685 745 747 Charitum
766 686 862 744 millia
880 685 984 745 fundis
1003 686 1112 746 adhue.

322 854 419 931 (035)
581 850 750 935 Ἠράσῦην.
773 851 816 919 τίς
837 850 864 913 δ’
889 850 971 934 οὐχὶ.

322 938 493 1003 Comissavi
513 940 599 999 elias.
620 941 708 1015 quasi
729 958 820 998 nemo
842 939 902 998 hoe
919 940 1034 998 lecerit.
1054 941 1117 1001 arsi

363 1027 401 1084 In
418 1026 522 1085 furias.
546 1025 634 1101 quasi
654 1044 716 1084 non
739 1043 788 1082 me
807 1025 925 1082 furiarit
945 1028 1051 1085 Amor.

320 1112 397 1173 Alea
421 1130 501 1169 nune
521 1111 602 1167 iacta
624 1118 680 1169 est.
700 1110 770 1167 enni
789 1110 921 1182 subiere,
940 1110 1062 1185 piloque

363 1196 454 1256 Nune
477 1196 599 1271 sapiens
624 1203 708 1253 aetas
732 1195 881 1253 deteriore
902 1195 994 1253 venit,

322 1280 398 1342 Cum
418 1282 597 1356 tempestive
617 1279 713 1351 licuit,
735 1289 799 1338 tum
817 1280 955 1338 lusimus.
977 1288 1010 1337 at
1028 1299 1120 1353 nune,

364 1366 498 1442 Tempus
519 1366 571 1424 ubi
593 1385 655 1423 non
677 1372 735 1437 est,
755 1365 794 1423 ad
813 1365 942 1423 meliora
963 1382 1066 1425 vocor.

324 1533 420 1610 ζ(96)
612 1526 771 1612 Ἠράσθης
789 1533 956 1609 πλουτῶν..

321 1619 418 1678 Dives
440 1617 590 1689 amavisti,
614 1615 797 1678 Sosiorates.
820 1622 879 1677 Ast
899 1618 991 1677 modo
1017 1636 1132 1693 pauper

363 1702 475 1763 Nullus
498 1721 592 1761 amas.
615 1703 739 1778 Quanta
760 1713 817 1776 est,
839 1705 928 1781 proh,
951 1704 1243 1763 medicinafamesl

323 1788 411 1865 Quae
432 1796 461 1847 te
481 1787 666 1862 deliciasque
687 1808 833 1865 suumque
855 1790 985 1847 voeabet
1004 1787 1150 1861 Adonim,
1204 1812 1210 1823 ·

364 1873 553 1951 Menophile,
575 1892 688 1932 nomen
709 1894 790 1933 nuno
807 1882 892 1951 rogat
912 1874 968 1931 illa
988 1880 1081 1931 tuum.

322 1960 411 2033 Fare,
430 1959 518 2034 quis?
536 1958 624 2018 Unde
644 1959 756 2019 domo?
777 1978 853 2034 quae
875 1977 950 2036 gens
966 1958 1042 2017 tibi?
1064 1977 1146 2017 nunc
1158 1960 1243 2019 bene

980 2044 1065 2102 nosti

365 2130 530 2205 Antiquom
551 2130 625 2188 hoe:
646 2128 772 2205 Inopem
794 2128 896 2187 nullus
917 2147 1019 2186 amare
1043 2128 1132 2187 solet.

325 2298 422 2376 ζ(97)
571 2291 611 2357 ‘H
634 2293 756 2378 χαλεπὴ
778 2293 856 2357 κατὰ
875 2296 983 2357 πάντα.

323 2387 443 2460 Aspera
465 2391 495 2442 et
515 2383 663 2443 indomite
681 2382 800 2440 feritate
824 2383 983 2443 Philesion
1003 2383 1068 2455 illa,

366 2469 426 2528 Illa
447 2469 552 2542 ullum,
574 2468 676 2544 precio
698 2488 761 2526 non
783 2469 861 2542 sine,
880 2489 976 2546 passa
998 2469 1108 2540 virum,

323 2554 425 2614 Mitior
444 2556 520 2612 haee
544 2573 624 2613 nuno
644 2571 714 2612 esse
733 2553 860 2612 videtur.
884 2562 915 2611 at
934 2573 1004 2613 esse
1026 2553 1124 2612 videri

365 2638 433 2697 Hoo
454 2639 533 2711 leve,
555 2647 700 2697 mutatum
722 2657 779 2696 nec
799 2659 867 2698 reor
887 2639 1051 2717 ingenium.

325 2722 378 2786 sio
399 2742 475 2798 quae
497 2724 598 2784 lenitis
619 2725 806 2783 mansuescit
826 2725 961 2783 moribus
982 2725 1078 2800 aspis,

368 2807 444 2868 (lum
468 2809 596 2882 mordet,
617 2809 712 2868 nihilo
734 2810 833 2870 secius
855 2810 910 2867 illa
933 2817 1032 2867 necat.

326 2977 422 3056 <(99)
594 2970 695 3057 Μικκὴ
715 2976 766 3037 καὶ
788 2952 972 3056 peloveion.

324 3066 365 3128 Et
381 3070 472 3139 petua
495 3068 542 3118 est
564 3067 594 3117 et
613 3061 701 3120 lusca
719 3063 909 3124 Philaenion.
934 3067 991 3123 Ast
1012 3083 1101 3143 mage
1122 3065 1219 3124 molle

367 3148 442 3210 Non
462 3147 575 3223 apium,
597 3163 659 3204 non
682 3157 729 3205 est
749 3149 889 3208 blandior
906 3169 1003 3226 agnus
1023 3169 1069 3210 ea.

325 3234 399 3295 Non
420 3233 494 3292 illex
516 3231 559 3288 ila
582 3237 693 3304 cestus,
715 3241 749 3290 ut
769 3233 834 3292 eius
857 3235 958 3293 verba.
979 3235 1090 3292 Patere

369 3320 531 3390 Omnibus,
552 3314 700 3374 interdum
721 3336 850 3394 poscere
868 3338 971 3395 parca,
995 3320 1082 3379 solet.

325 3406 412 3466 Haeo
434 3405 554 3482 placeat
571 3400 644 3458 mihi
666 3401 735 3460 sole
753 3402 946 3476 Philaenlon‚
968 3424 1061 3463 aurea
1081 3403 1187 3482 Cypri,

368 3490 531 3552 Succurrat
551 3486 649 3564 potior
670 3486 768 3546 donee
787 3489 887 3546 amieo
906 3490 989 3548 mihi.

329 3658 446 3743 (noo)
606 3651 821 3740 ‚limpsana
841 3656 943 3737 nnn.

327 3751 388 3812 Ars
410 3743 515 3809 fidium
715 3741 776 3815 ela,
791 3751 953 3822 arguteque
971 3744 1098 3819 lumina,
1112 3761 1238 3804 carmen
1359 3800 1360 3817 ,
