2884 4650
718 549 869 644 ,¹¹23-

332 716 442 786 Ἥλιος
463 715 639 792 Ἀπόλλων,
659 714 712 776 καὶ
735 715 752 777 ύ
769 714 934 778 Ἀπόλλων
957 713 1053 796 ἥλιος.

331 800 424 888 Ἥλιρ
446 803 497 864 τὸν
519 801 605 884 ἧλον,
628 798 774 884 παττάλῳ
798 801 848 862 τὸν
868 800 1031 861 πάτταλον.

333 886 445 971 Ἡμεῖς
465 886 522 968 γὰρ
546 883 618 946 οὔτε
637 881 764 966 θέομεν,
784 881 850 946 οὔτ’
875 881 1056 964 ἐλαύνομεν.

335 971 427 1055 Ἡμῖν
446 970 581 1033 πόνοισιν
606 966 708 1050 ἀγαθὰ
731 970 872 1030 πωλοῦσι
892 967 972 1029 θεοί.

334 1055 427 1139 Ἧμῖν
453 1054 572 1138 ἐπιρρεῖ
592 1056 718 1134 πρᾶγμα
738 1051 1038 1134 τούίαντλούμενονμ

333 1139 392 1205 Ἢν
417 1141 457 1224 μὴ
479 1137 631 1219 καίλαίρης
655 1138 706 1198 καὶ
730 1135 854 1220 ἀλέσης,
874 1135 909 1198 ού
934 1137 974 1219 μὴ
1000 1136 1118 1218 φάγοις.

342 1221 559 1302 Θαλάττιύς.γ’
582 1222 624 1283 ὢν
650 1222 720 1304 μήτι
740 1225 886 1304 χερσαῖος
908 1225 1008 1302 γενοῦ.

342 1311 422 1378 Θεὸς
441 1305 633 1387 λαλούμενύς
654 1327 687 1367 τε
709 1305 860 1389 κρίκλητος
882 1307 974 1388 πάρα.

341 1395 423 1460 Θεοῦ
448 1394 473 1455 δ’
498 1389 615 1456 ύνειδας
638 1388 709 1458 τοῦς
731 1389 845 1457 κακούς
866 1389 1070 1471 εὐδαιμονεῖν.

342 1478 424 1543 Θεοῦ
449 1478 484 1538 δὲ
508 1473 607 1558 δῶρόν
630 1474 708 1536 ἐστιν
732 1471 869 1558 εὐτυχεῖν
894 1472 1029 1558 βροτούς.

342 1563 424 1629 Θεοῦ
445 1560 592 1625 θέλοντος
607 1555 661 1642 κᾷν
686 1559 736 1620 ἐπὶ
760 1560 846 1642 ’ριπὸς
866 1558 980 1626 πλέοις.

343 1647 415 1730 Θεῷ
431 1644 594 1728 μάχεσθαι
615 1642 712 1706 δεινόν
737 1643 870 1706 ἐστικαὶ
891 1643 980 1726 τύχη.

342 1731 408 1815 Θὴρ
432 1729 570 1798 ποικίλος
592 1729 658 1810 μὲν,
681 1727 798 1811 θητέρᾳ
821 1729 852 1790 δ’
876 1727 912 1790 ού
936 1727 1076 1810 ληπτέος.

343 1815 466 1899 Θρασὺς
482 1815 564 1896 «πρὸς
587 1812 673 1895 ἔργον
699 1812 777 1874 ἐστὶν
802 1813 836 1874 ἐκ
854 1814 972 1875 πολλοῦ
996 1811 1098 1896 κακύς.

342 1901 450 1983 Θυμοῦ
472 1898 529 1980 γὰρ
551 1898 640 1960 οὐδὲν
664 1896 742 1959 ἄλλο
766 1901 871 1981 γῆρας,
895 1897 973 1978 πλὴν
995 1897 1110 1959 θανεῖν.

343 1984 464 2068 Θύραζε
486 1979 599 2065 Κᾶρες.
621 1981 678 2044 οὐκ
700 1980 743 2044 ἔτ’
761 1981 975 2065 Ἀνδεστίγρια

338 2069 419 2133 Ἰδού
443 2091 478 2149 γε
500 2069 604 2136 καινδς
623 2066 727 2128 οὑτοσὶ
751 2065 959 2150 Παλαίφατος.

333 2151 401 2220 Ἵνα
421 2154 461 2236 μή
486 2174 519 2213 σε
542 2152 633 2237 βάψω
658 2151 766 2235 βάμμα
786 2149 996 2234 Σαρδινιακύν.

340 2236 426 2321 Κᾷίλ’
450 2238 554 2319 ὥσπερ
575 2237 606 2298 αἱ
628 2235 729 2296 τιτβαί
747 2259 793 2317 γε,
818 2236 936 2306 σιτίζεις
958 2239 1068 2301 κακῶς.

340 2323 402 2389 Καὶ
426 2323 462 2405 δὴ
487 2320 596 2403 γένοιτ’
623 2319 658 2384 ἂν
681 2322 795 2389 παντὸς
818 2321 852 2383 ἐκ
873 2319 964 2390 ξύλου
984 2319 1067 2383 κίων.

340 2407 403 2473 Καὶ
424 2408 528 2490 μάντις
548 2408 590 2469 ὢν
613 2405 736 2487 ἄριστος
759 2406 898 2490 ἐσφάλου
919 2404 1004 2467 ποτέ.

341 2492 404 2557 Καὶ
429 2490 521 2554 Πύθι’
546 2492 609 2553 ἐστὶ
627 2490 724 2554 ταῦτά
748 2514 796 2557 σοι
818 2492 868 2553 καὶ
891 2491 1000 2573 Δήλια.

341 2575 455 2641 Καινύν
477 2599 512 2657 γε
538 2577 644 2660 μηδὲν,
669 2579 785 2658 μᾶλλον
809 2574 846 2637 σύ
868 2572 1049 2637 Φοινικικόν.

342 2660 463 2743 Καιροῦ
486 2664 589 2744 τυχὼν
615 2662 630 2723 ὁ
652 2662 778 2745 πτωχὸς
798 2658 896 2743 ἰσχύει
920 2648 1007 2741 βέγα.

341 2743 447 2809 Κακύν
464 2766 499 2825 γε
523 2747 622 2828 δῶρον
645 2744 711 2807 ἷαύν
725 2746 801 2808 ιέστι
825 2745 927 2828 ζημίᾳ.

341 2827 446 2893 Κακὸν
468 2830 502 2891 τὸ
525 2830 619 2891 καλὸν
645 2830 714 2913 μέγα
729 2836 788 2893 ’τοῦ
809 2824 917 2910 κάιροῦ
941 2829 1043 2912 τυχὸν.

246 2951 250 2966 ι
341 2912 447 2979 Κακδς
464 2918 550 2995 κακῷ
571 2912 628 2997 γὰρ
653 2914 831 2997 συντέτηκεν
857 2915 965 2996 ἡδονῇ.

337 2996 439 3081 ’Κακιγῦ
462 2998 670 3081 βάδιζεμηδὲ
691 2999 744 3079 τὴν
769 2998 862 3081 αὐτὴν
885 2996 967 3061 ύδύν.

341 3082 440 3166 Κακιγῦ
463 3080 626 3164 σύνοίνδρὶ
648 3083 689 3166 μὴ
710 3083 739 3145 δ’
765 3082 847 3151 ὅλως
867 3080 1032 3165 ύδυιπύρει.

342 3165 467 3235 Κάλλας
490 3165 632 3247 γυναικύς
654 3167 733 3228 ἐστιν
757 3168 932 3250 ἀνθρώποις
952 3168 1050 3251 βέλος.

341 3249 457 3319 Καλῶς
476 3249 709 3313 παλεύεινόἶδε
729 3253 780 3334 τὴν
804 3252 960 3314 ἀλώπεκα.
1053 3277 1057 3283 ·

342 3334 407 3420 Κᾷν
433 3336 483 3399 διὰ
505 3340 666 3420 μαχαιρῶν
689 3337 740 3398 καὶ
760 3337 856 3418 πυρὸς
877 3336 988 3420 ῥίπτειν
1013 3334 1079 3417 δέη.

342 3417 467 3484 Καπνάν
490 3444 525 3503 γε
547 3420 669 3506 φεύγων
695 3421 739 3488 εἰς
760 3422 793 3493 τὸ
815 3426 874 3503 πῦρ
896 3419 1085 3502 περιέπεσεν.

343 3499 480 3567 Κατύπιν
507 3506 615 3589 ἑορτῆς
640 3506 837 3588 ὑστεροῦντες
854 3506 980 3588 ἥκομεν.

343 3583 522 3671 Κάτοπτρον
546 3590 650 3660 εἴδους
673 3592 790 3674 χαλκὸς
810 3588 884 3666 ἔστ’,
909 3588 991 3657 οἴνας
1012 3589 1047 3651 δὲ
1071 3591 1136 3652 νοῦ.

344 3668 459 3742 Κλύζει
479 3673 624 3738 θάλασσα
644 3676 743 3738 πάντα
767 3673 794 3735 τ’
819 3674 990 3757 ἀνθρώπων
1011 3674 1100 3737 κακαί.

343 3752 488 3840 Κρεῖττον
512 3758 643 3840 βαδίζειν
667 3765 723 3823 σοῦ
744 3757 921 3843 Χαρινάδης
942 3756 1012 3842 ἔφυ.
