<?xml version="1.0" encoding="UTF-8"?>
<!DOCTYPE html PUBLIC "-//W3C//DTD XHTML 1.0 Transitional//EN"
    "http://www.w3.org/TR/xhtml1/DTD/xhtml1-transitional.dtd">
<html xmlns="http://www.w3.org/1999/xhtml" xml:lang="en" lang="en">
 <head>
  <title>
</title>
<meta http-equiv="Content-Type" content="text/html;charset=utf-8" />
  <meta name='ocr-system' content='tesseract 3.04.00' />
  <meta name='ocr-capabilities' content='ocr_page ocr_carea ocr_par ocr_line ocrx_word'/>
</head>
<body>
  <div class='ocr_page' id='page_1' title='image "./poemataomnia00scalgoog_0263.png"; bbox 0 0 2884 4650; ppageno 0'>
   <div class='ocr_carea' id='block_1_1' title="bbox 160 3665 626 3849">
    <p class='ocr_par' dir='ltr' id='par_1_1' title="bbox 160 3665 626 3849">
     <span class='ocr_line' id='line_1_1' title="bbox 160 3665 626 3849; baseline 0 801"><span class='ocrx_word' id='word_1_1' title='bbox 160 3665 626 3849; x_wconf 95' lang='lat' dir='ltr'> </span> 
     </span>
    </p>
   </div>
   <div class='ocr_carea' id='block_1_2' title="bbox 1481 518 1606 577">
    <p class='ocr_par' dir='ltr' id='par_1_2' title="bbox 1481 518 1606 577">
     <span class='ocr_line' id='line_1_2' title="bbox 1481 518 1606 577; baseline 0 0"><span class='ocrx_word' id='word_1_2' title='bbox 1481 518 1606 577; x_wconf 75' lang='lat'>244</span> 
     </span>
    </p>
   </div>
   <div class='ocr_carea' id='block_1_3' title="bbox 1390 604 1692 613">
    <p class='ocr_par' dir='ltr' id='par_1_3' title="bbox 1390 604 1692 613">
     <span class='ocr_line' id='line_1_3' title="bbox 1390 604 1692 613; baseline 0 4037"><span class='ocrx_word' id='word_1_3' title='bbox 1390 604 1692 613; x_wconf 95' lang='lat' dir='ltr'> </span> 
     </span>
    </p>
   </div>
   <div class='ocr_carea' id='block_1_4' title="bbox 621 676 2145 1525">
    <p class='ocr_par' dir='ltr' id='par_1_4' title="bbox 621 676 2041 1271">
     <span class='ocr_line' id='line_1_4' title="bbox 621 676 2006 765; baseline 0 -20"><span class='ocrx_word' id='word_1_4' title='bbox 621 676 799 745; x_wconf 73' lang='grc' dir='ltr'>Ἐπ’</span> <span class='ocrx_word' id='word_1_5' title='bbox 844 679 976 744; x_wconf 83' lang='grc' dir='ltr'>ἄντ’</span> <span class='ocrx_word' id='word_1_6' title='bbox 1024 682 1301 750; x_wconf 84' lang='grc' dir='ltr'>ὀνείδους</span> <span class='ocrx_word' id='word_1_7' title='bbox 1341 680 1405 743; x_wconf 72' lang='grc' dir='ltr'>τ’</span> <span class='ocrx_word' id='word_1_8' title='bbox 1451 682 1671 765; x_wconf 74' lang='grc' dir='ltr'>ἀξίωμ’</span> <span class='ocrx_word' id='word_1_9' title='bbox 1723 681 2006 751; x_wconf 78' lang='grc' dir='ltr'>ἀναξίων.</span> 
     </span>
     <span class='ocr_line' id='line_1_5' title="bbox 634 761 1931 851; baseline 0.002 -25"><span class='ocrx_word' id='word_1_10' title='bbox 634 761 765 827; x_wconf 80' lang='grc' dir='ltr'>Οὐκ</span> <span class='ocrx_word' id='word_1_11' title='bbox 812 761 938 828; x_wconf 84' lang='grc' dir='ltr'>ἔστι</span> <span class='ocrx_word' id='word_1_12' title='bbox 977 765 1196 851; x_wconf 81' lang='grc' dir='ltr'>κέρδος</span> <span class='ocrx_word' id='word_1_13' title='bbox 1241 766 1463 848; x_wconf 80' lang='grc' dir='ltr'>ζημίας</span> <span class='ocrx_word' id='word_1_14' title='bbox 1508 766 1714 829; x_wconf 86' lang='grc' dir='ltr'>ἄλλων</span> <span class='ocrx_word' id='word_1_15' title='bbox 1765 764 1931 849; x_wconf 81' lang='grc' dir='ltr'>ἄτερ.</span> 
     </span>
     <span class='ocr_line' id='line_1_6' title="bbox 629 845 1971 935; baseline 0 -22"><span class='ocrx_word' id='word_1_16' title='bbox 629 845 899 931; x_wconf 76' lang='grc' dir='ltr'>Ἐνδεῖγ&gt;</span> <span class='ocrx_word' id='word_1_17' title='bbox 949 851 1173 935; x_wconf 80' lang='grc' dir='ltr'>ἀσώτῳ</span> <span class='ocrx_word' id='word_1_18' title='bbox 1217 851 1441 931; x_wconf 84' lang='grc' dir='ltr'>πολλὰ,</span> <span class='ocrx_word' id='word_1_19' title='bbox 1487 851 1683 914; x_wconf 87' lang='grc' dir='ltr'>πάντα</span> <span class='ocrx_word' id='word_1_20' title='bbox 1724 850 1971 935; x_wconf 84' lang='grc' dir='ltr'>κίμβικι.</span> 
     </span>
     <span class='ocr_line' id='line_1_7' title="bbox 632 932 2041 1019; baseline 0.001 -24"><span class='ocrx_word' id='word_1_21' title='bbox 632 932 830 995; x_wconf 81' lang='grc' dir='ltr'>Φύσει</span> <span class='ocrx_word' id='word_1_22' title='bbox 873 935 1165 1019; x_wconf 85' lang='grc' dir='ltr'>διάδοχος</span> <span class='ocrx_word' id='word_1_23' title='bbox 1205 934 1415 1003; x_wconf 89' lang='grc' dir='ltr'>πιστός</span> <span class='ocrx_word' id='word_1_24' title='bbox 1460 935 1640 1012; x_wconf 86' lang='grc' dir='ltr'>ἐστιν,</span> <span class='ocrx_word' id='word_1_25' title='bbox 1687 934 1761 996; x_wconf 81' lang='grc' dir='ltr'>οὔ</span> <span class='ocrx_word' id='word_1_26' title='bbox 1807 941 2041 1019; x_wconf 75' lang='grc' dir='ltr'>γραφῇ.</span> 
     </span>
     <span class='ocr_line' id='line_1_8' title="bbox 630 1013 2019 1164; baseline 0.001 -84"><span class='ocrx_word' id='word_1_27' title='bbox 630 1013 739 1126; x_wconf 47' lang='grc' dir='ltr'>Τιγζὶ</span> <span class='ocrx_word' id='word_1_28' title='bbox 784 1016 942 1102; x_wconf 82' lang='grc' dir='ltr'>μέγα</span> <span class='ocrx_word' id='word_1_29' title='bbox 981 1023 1305 1164; x_wconf 56' lang='grc' dir='ltr'>φρονοῦντι</span> <span class='ocrx_word' id='word_1_30' title='bbox 1342 1022 1534 1101; x_wconf 81' lang='grc' dir='ltr'>λῆσις,</span> <span class='ocrx_word' id='word_1_31' title='bbox 1574 1018 1811 1086; x_wconf 82' lang='grc' dir='ltr'>ἀδικίας</span> <span class='ocrx_word' id='word_1_32' title='bbox 1854 1018 2019 1089; x_wconf 83' lang='grc' dir='ltr'>ἄκος.</span> 
     </span>
     <span class='ocr_line' id='line_1_9' title="bbox 633 1099 1871 1188; baseline 0.001 -24"><span class='ocrx_word' id='word_1_33' title='bbox 633 1099 854 1165; x_wconf 90' lang='grc' dir='ltr'>Οικτου</span> <span class='ocrx_word' id='word_1_34' title='bbox 901 1103 1014 1188; x_wconf 87' lang='grc' dir='ltr'>βοη</span> <span class='ocrx_word' id='word_1_35' title='bbox 1064 1107 1138 1165; x_wconf 76' lang='grc' dir='ltr'>οὔ</span> <span class='ocrx_word' id='word_1_36' title='bbox 1178 1101 1441 1186; x_wconf 82' lang='grc' dir='ltr'>δεομένη</span> <span class='ocrx_word' id='word_1_37' title='bbox 1491 1103 1648 1185; x_wconf 88' lang='grc' dir='ltr'>δίκη,</span> <span class='ocrx_word' id='word_1_38' title='bbox 1692 1104 1871 1186; x_wconf 87' lang='grc' dir='ltr'>κακή.</span> 
     </span>
     <span class='ocr_line' id='line_1_10' title="bbox 632 1184 1997 1271; baseline 0.002 -23"><span class='ocrx_word' id='word_1_39' title='bbox 632 1184 896 1255; x_wconf 79' lang='grc' dir='ltr'>Φύσεως</span> <span class='ocrx_word' id='word_1_40' title='bbox 935 1186 1260 1271; x_wconf 83' lang='grc' dir='ltr'>ἀποτρίβον</span> <span class='ocrx_word' id='word_1_41' title='bbox 1306 1210 1362 1248; x_wconf 89' lang='grc' dir='ltr'>τι</span> <span class='ocrx_word' id='word_1_42' title='bbox 1398 1188 1745 1271; x_wconf 86' lang='grc' dir='ltr'>φάρμακον,</span> <span class='ocrx_word' id='word_1_43' title='bbox 1788 1187 1997 1251; x_wconf 86' lang='grc' dir='ltr'>κακόν.</span> 
     </span>
    </p>

    <p class='ocr_par' dir='ltr' id='par_1_5' title="bbox 631 1266 1874 1375">
     <span class='ocr_line' id='line_1_11' title="bbox 631 1266 1874 1375; baseline 0.002 -43"><span class='ocrx_word' id='word_1_44' title='bbox 631 1266 706 1332; x_wconf 90' lang='lat' dir='ltr'>T&#39;</span> <span class='ocrx_word' id='word_1_45' title='bbox 753 1270 1091 1375; x_wconf 80' lang='grc' dir='ltr'>ἀλλοτρίων</span> <span class='ocrx_word' id='word_1_46' title='bbox 1134 1270 1412 1354; x_wconf 86' lang='grc' dir='ltr'>σύνηθες,</span> <span class='ocrx_word' id='word_1_47' title='bbox 1457 1272 1651 1354; x_wconf 83' lang='grc' dir='ltr'>ἡδονὴ</span> <span class='ocrx_word' id='word_1_48' title='bbox 1695 1273 1874 1355; x_wconf 86' lang='grc' dir='ltr'>κακή.</span> 
     </span>
    </p>

    <p class='ocr_par' dir='ltr' id='par_1_6' title="bbox 628 1351 1962 1423">
     <span class='ocr_line' id='line_1_12' title="bbox 628 1351 1962 1423; baseline 0.001 -6"><span class='ocrx_word' id='word_1_49' title='bbox 628 1351 833 1418; x_wconf 85' lang='grc' dir='ltr'>Κακαὶ</span> <span class='ocrx_word' id='word_1_50' title='bbox 928 1377 1091 1422; x_wconf 87' lang='grc' dir='ltr'>υσεις</span> <span class='ocrx_word' id='word_1_51' title='bbox 1137 1354 1250 1417; x_wconf 76' lang='grc' dir='ltr'>οὐκ</span> <span class='ocrx_word' id='word_1_52' title='bbox 1294 1355 1521 1423; x_wconf 83' lang='grc' dir='ltr'>ἐνδεεῖς</span> <span class='ocrx_word' id='word_1_53' title='bbox 1566 1356 1962 1419; x_wconf 85' lang='grc' dir='ltr'>διδασκάλου.</span> 
     </span>
    </p>

    <p class='ocr_par' dir='ltr' id='par_1_7' title="bbox 631 1435 2145 1525">
     <span class='ocr_line' id='line_1_13' title="bbox 631 1435 2145 1525; baseline 0.001 -24"><span class='ocrx_word' id='word_1_54' title='bbox 631 1435 764 1502; x_wconf 80' lang='grc' dir='ltr'>Οὐκ</span> <span class='ocrx_word' id='word_1_55' title='bbox 810 1440 880 1522; x_wconf 84' lang='grc' dir='ltr'>ὀρ</span> <span class='ocrx_word' id='word_1_56' title='bbox 929 1439 1018 1516; x_wconf 86' lang='grc' dir='ltr'>ὸν,</span> <span class='ocrx_word' id='word_1_57' title='bbox 1066 1438 1101 1501; x_wconf 85' lang='grc' dir='ltr'>ὅ</span> <span class='ocrx_word' id='word_1_58' title='bbox 1144 1462 1197 1500; x_wconf 88' lang='grc' dir='ltr'>τι</span> <span class='ocrx_word' id='word_1_59' title='bbox 1240 1440 1312 1521; x_wconf 88' lang='grc' dir='ltr'>δὴ</span> <span class='ocrx_word' id='word_1_60' title='bbox 1354 1441 1678 1521; x_wconf 86' lang='grc' dir='ltr'>πράττεται</span> <span class='ocrx_word' id='word_1_61' title='bbox 1709 1440 1904 1503; x_wconf 85' lang='grc' dir='ltr'>πίστει</span> <span class='ocrx_word' id='word_1_62' title='bbox 1938 1439 2145 1525; x_wconf 82' lang='grc' dir='ltr'>τύχης.</span> 
     </span>
    </p>
   </div>
   <div class='ocr_carea' id='block_1_5' title="bbox 630 1519 2218 1694">
    <p class='ocr_par' dir='ltr' id='par_1_8' title="bbox 630 1519 2218 1694">
     <span class='ocr_line' id='line_1_14' title="bbox 630 1519 2218 1607; baseline 0.003 -23"><span class='ocrx_word' id='word_1_63' title='bbox 630 1519 717 1586; x_wconf 85' lang='grc' dir='ltr'>Τὸ</span> <span class='ocrx_word' id='word_1_64' title='bbox 765 1523 984 1606; x_wconf 86' lang='grc' dir='ltr'>κράτος</span> <span class='ocrx_word' id='word_1_65' title='bbox 1024 1522 1175 1584; x_wconf 83' lang='grc' dir='ltr'>ἴδιον</span> <span class='ocrx_word' id='word_1_66' title='bbox 1219 1522 1431 1586; x_wconf 80' lang='grc' dir='ltr'>ὄλλυσ’</span> <span class='ocrx_word' id='word_1_67' title='bbox 1478 1525 1509 1585; x_wconf 87' lang='grc' dir='ltr'>ὁ</span> <span class='ocrx_word' id='word_1_68' title='bbox 1550 1524 1949 1607; x_wconf 81' lang='grc' dir='ltr'>προστάσσων</span> <span class='ocrx_word' id='word_1_69' title='bbox 1995 1530 2218 1594; x_wconf 87' lang='grc' dir='ltr'>κακῶς.</span> 
     </span>
     <span class='ocr_line' id='line_1_15' title="bbox 631 1602 2207 1694; baseline 0.003 -26"><span class='ocrx_word' id='word_1_70' title='bbox 631 1602 752 1669; x_wconf 85' lang='grc' dir='ltr'>Τὸν</span> <span class='ocrx_word' id='word_1_71' title='bbox 801 1608 1002 1690; x_wconf 82' lang='grc' dir='ltr'>ἰατρὸν</span> <span class='ocrx_word' id='word_1_72' title='bbox 1047 1605 1160 1669; x_wconf 86' lang='grc' dir='ltr'>οὐκ</span> <span class='ocrx_word' id='word_1_73' title='bbox 1201 1604 1269 1669; x_wconf 80' lang='grc' dir='ltr'>εὖ</span> <span class='ocrx_word' id='word_1_74' title='bbox 1319 1608 1610 1692; x_wconf 79' lang='grc' dir='ltr'>διάδοχον</span> <span class='ocrx_word' id='word_1_75' title='bbox 1654 1609 1685 1671; x_wconf 90' lang='grc' dir='ltr'>ὁ</span> <span class='ocrx_word' id='word_1_76' title='bbox 1726 1612 1924 1670; x_wconf 86' lang='grc' dir='ltr'>νοσῶν</span> <span class='ocrx_word' id='word_1_77' title='bbox 1965 1611 2207 1694; x_wconf 85' lang='grc' dir='ltr'>γράφει.</span> 
     </span>
    </p>
   </div>
   <div class='ocr_carea' id='block_1_6' title="bbox 574 1686 2187 3706">
    <p class='ocr_par' dir='ltr' id='par_1_9' title="bbox 623 1686 2041 1861">
     <span class='ocr_line' id='line_1_16' title="bbox 623 1686 2041 1777; baseline 0.001 -23"><span class='ocrx_word' id='word_1_78' title='bbox 623 1686 700 1754; x_wconf 86' lang='lat' dir='ltr'>‘O</span> <span class='ocrx_word' id='word_1_79' title='bbox 754 1692 836 1774; x_wconf 89' lang='grc' dir='ltr'>μὴ</span> <span class='ocrx_word' id='word_1_80' title='bbox 886 1692 1220 1774; x_wconf 88' lang='grc' dir='ltr'>δυνάμενος</span> <span class='ocrx_word' id='word_1_81' title='bbox 1263 1689 1333 1754; x_wconf 76' lang='grc' dir='ltr'>εὖ</span> <span class='ocrx_word' id='word_1_82' title='bbox 1377 1691 1610 1770; x_wconf 84' lang='grc' dir='ltr'>θανεῖν,</span> <span class='ocrx_word' id='word_1_83' title='bbox 1649 1697 1854 1760; x_wconf 86' lang='grc' dir='ltr'>κακῶς</span> <span class='ocrx_word' id='word_1_84' title='bbox 1899 1692 2041 1777; x_wconf 89' lang='grc' dir='ltr'>βιοῖ.</span> 
     </span>
     <span class='ocr_line' id='line_1_17' title="bbox 626 1771 1889 1861; baseline 0 -24"><span class='ocrx_word' id='word_1_85' title='bbox 626 1771 762 1837; x_wconf 85' lang='grc' dir='ltr'>Ἀεὶ</span> <span class='ocrx_word' id='word_1_86' title='bbox 804 1777 1046 1861; x_wconf 83' lang='grc' dir='ltr'>βιώσειν</span> <span class='ocrx_word' id='word_1_87' title='bbox 1091 1776 1476 1859; x_wconf 84' lang='grc' dir='ltr'>προσδοκῶν,</span> <span class='ocrx_word' id='word_1_88' title='bbox 1514 1782 1719 1843; x_wconf 85' lang='grc' dir='ltr'>κακῶς</span> <span class='ocrx_word' id='word_1_89' title='bbox 1748 1776 1889 1860; x_wconf 91' lang='grc' dir='ltr'>βιοῖ.</span> 
     </span>
    </p>

    <p class='ocr_par' dir='ltr' id='par_1_10' title="bbox 617 1856 2129 2856">
     <span class='ocr_line' id='line_1_18' title="bbox 627 1856 2048 1946; baseline 0.003 -25"><span class='ocrx_word' id='word_1_90' title='bbox 627 1856 838 1944; x_wconf 87' lang='grc' dir='ltr'>Χείρω</span> <span class='ocrx_word' id='word_1_91' title='bbox 888 1859 1069 1941; x_wconf 90' lang='grc' dir='ltr'>λόγον</span> <span class='ocrx_word' id='word_1_92' title='bbox 1117 1861 1482 1946; x_wconf 85' lang='grc' dir='ltr'>βλάσφημον</span> <span class='ocrx_word' id='word_1_93' title='bbox 1528 1860 1826 1945; x_wconf 80' lang='grc' dir='ltr'>ἑρμηνεὺς</span> <span class='ocrx_word' id='word_1_94' title='bbox 1865 1867 2048 1925; x_wconf 86' lang='grc' dir='ltr'>ποιεῖ.</span> 
     </span>
     <span class='ocr_line' id='line_1_19' title="bbox 627 1940 2080 2028; baseline 0.002 -22"><span class='ocrx_word' id='word_1_95' title='bbox 627 1940 876 2008; x_wconf 82' lang='grc' dir='ltr'>Κακοῦν</span> <span class='ocrx_word' id='word_1_96' title='bbox 921 1944 1166 2007; x_wconf 85' lang='grc' dir='ltr'>θέλοντι</span> <span class='ocrx_word' id='word_1_97' title='bbox 1208 1944 1517 2028; x_wconf 86' lang='grc' dir='ltr'>πρόφασις</span> <span class='ocrx_word' id='word_1_98' title='bbox 1564 1944 1678 2007; x_wconf 86' lang='grc' dir='ltr'>οὐκ</span> <span class='ocrx_word' id='word_1_99' title='bbox 1718 1944 2080 2009; x_wconf 83' lang='grc' dir='ltr'>ἐλλείπεται.</span> 
     </span>
     <span class='ocr_line' id='line_1_20' title="bbox 628 2027 1958 2113; baseline -0.001 -21"><span class='ocrx_word' id='word_1_100' title='bbox 628 2027 815 2092; x_wconf 91' lang='grc' dir='ltr'>Ποιεῖ</span> <span class='ocrx_word' id='word_1_101' title='bbox 845 2028 1153 2113; x_wconf 81' lang='grc' dir='ltr'>πονηροὺς</span> <span class='ocrx_word' id='word_1_102' title='bbox 1193 2029 1350 2113; x_wconf 82' lang='grc' dir='ltr'>ἦθος</span> <span class='ocrx_word' id='word_1_103' title='bbox 1390 2029 1717 2112; x_wconf 83' lang='grc' dir='ltr'>ἀχάριστον</span> <span class='ocrx_word' id='word_1_104' title='bbox 1765 2028 1958 2111; x_wconf 86' lang='grc' dir='ltr'>θαμά.</span> 
     </span>
     <span class='ocr_line' id='line_1_21' title="bbox 617 2111 1885 2197; baseline -0.002 -20"><span class='ocrx_word' id='word_1_105' title='bbox 617 2111 803 2177; x_wconf 62' lang='lat' dir='ltr'>&#39;&#39;Hac-:t</span> <span class='ocrx_word' id='word_1_106' title='bbox 847 2118 1101 2197; x_wconf 76' lang='grc' dir='ltr'>πονηρῷ</span> <span class='ocrx_word' id='word_1_107' title='bbox 1141 2111 1302 2180; x_wconf 88' lang='grc' dir='ltr'>σῖτός</span> <span class='ocrx_word' id='word_1_108' title='bbox 1340 2112 1467 2175; x_wconf 80' lang='grc' dir='ltr'>ἐστ’</span> <span class='ocrx_word' id='word_1_109' title='bbox 1520 2113 1643 2175; x_wconf 84' lang='grc' dir='ltr'>ἰδία</span> <span class='ocrx_word' id='word_1_110' title='bbox 1689 2113 1885 2197; x_wconf 86' lang='grc' dir='ltr'>φύσις.</span> 
     </span>
     <span class='ocr_line' id='line_1_22' title="bbox 623 2194 2039 2283; baseline -0.002 -22"><span class='ocrx_word' id='word_1_111' title='bbox 623 2194 898 2282; x_wconf 84' lang='grc' dir='ltr'>Ἀνδρῶν</span> <span class='ocrx_word' id='word_1_112' title='bbox 942 2202 1221 2279; x_wconf 83' lang='grc' dir='ltr'>γυναῖκες</span> <span class='ocrx_word' id='word_1_113' title='bbox 1259 2197 1595 2280; x_wconf 86' lang='grc' dir='ltr'>κρείττονες</span> <span class='ocrx_word' id='word_1_114' title='bbox 1634 2199 1834 2283; x_wconf 76' lang='grc' dir='ltr'>βουλῇ</span> <span class='ocrx_word' id='word_1_115' title='bbox 1858 2203 2039 2281; x_wconf 78' lang='grc' dir='ltr'>κακῇ.</span> 
     </span>
     <span class='ocr_line' id='line_1_23' title="bbox 627 2278 2037 2367; baseline -0.001 -21"><span class='ocrx_word' id='word_1_116' title='bbox 627 2278 877 2366; x_wconf 84' lang='grc' dir='ltr'>Βουλῆς</span> <span class='ocrx_word' id='word_1_117' title='bbox 920 2286 1112 2364; x_wconf 79' lang='grc' dir='ltr'>κακῆς</span> <span class='ocrx_word' id='word_1_118' title='bbox 1153 2288 1242 2367; x_wconf 79' lang='grc' dir='ltr'>τῷ</span> <span class='ocrx_word' id='word_1_119' title='bbox 1281 2280 1442 2345; x_wconf 83' lang='grc' dir='ltr'>δόντι</span> <span class='ocrx_word' id='word_1_120' title='bbox 1486 2284 1798 2365; x_wconf 82' lang='grc' dir='ltr'>πάγκακον</span> <span class='ocrx_word' id='word_1_121' title='bbox 1844 2281 2037 2351; x_wconf 85' lang='grc' dir='ltr'>τέλος.</span> 
     </span>
     <span class='ocr_line' id='line_1_24' title="bbox 617 2364 2017 2453; baseline -0.001 -22"><span class='ocrx_word' id='word_1_122' title='bbox 617 2364 701 2431; x_wconf 85' lang='grc' dir='ltr'>Ἤ</span> <span class='ocrx_word' id='word_1_123' title='bbox 748 2369 830 2450; x_wconf 87' lang='grc' dir='ltr'>μὴ</span> <span class='ocrx_word' id='word_1_124' title='bbox 875 2371 1174 2451; x_wconf 85' lang='grc' dir='ltr'>τραπῆναι</span> <span class='ocrx_word' id='word_1_125' title='bbox 1224 2365 1530 2450; x_wconf 85' lang='grc' dir='ltr'>δυναμένη</span> <span class='ocrx_word' id='word_1_126' title='bbox 1582 2367 1800 2453; x_wconf 87' lang='grc' dir='ltr'>βουλὴ,</span> <span class='ocrx_word' id='word_1_127' title='bbox 1839 2369 2017 2451; x_wconf 87' lang='grc' dir='ltr'>κακή.</span> 
     </span>
     <span class='ocr_line' id='line_1_25' title="bbox 624 2448 2129 2536; baseline 0 -22"><span class='ocrx_word' id='word_1_128' title='bbox 624 2448 904 2515; x_wconf 81' lang='grc' dir='ltr'>Ἐσθλῶν</span> <span class='ocrx_word' id='word_1_129' title='bbox 955 2452 1278 2536; x_wconf 81' lang='grc' dir='ltr'>ὑποκριτὴς</span> <span class='ocrx_word' id='word_1_130' title='bbox 1320 2453 1350 2514; x_wconf 90' lang='grc' dir='ltr'>ὁ</span> <span class='ocrx_word' id='word_1_131' title='bbox 1396 2450 1587 2519; x_wconf 90' lang='grc' dir='ltr'>κακός</span> <span class='ocrx_word' id='word_1_132' title='bbox 1626 2452 1753 2514; x_wconf 85' lang='grc' dir='ltr'>ἐστι</span> <span class='ocrx_word' id='word_1_133' title='bbox 1796 2453 2129 2534; x_wconf 86' lang='grc' dir='ltr'>πάγκακος.</span> 
     </span>
     <span class='ocr_line' id='line_1_26' title="bbox 627 2534 2083 2620; baseline -0.001 -22"><span class='ocrx_word' id='word_1_134' title='bbox 627 2534 839 2598; x_wconf 73' lang='grc' dir='ltr'>Αὑτοῦ</span> <span class='ocrx_word' id='word_1_135' title='bbox 882 2536 941 2618; x_wconf 86' lang='grc' dir='ltr'>γ’</span> <span class='ocrx_word' id='word_1_136' title='bbox 992 2536 1160 2598; x_wconf 80' lang='grc' dir='ltr'>ἕκατι</span> <span class='ocrx_word' id='word_1_137' title='bbox 1201 2538 1487 2620; x_wconf 84' lang='grc' dir='ltr'>χρηστὸς,</span> <span class='ocrx_word' id='word_1_138' title='bbox 1536 2535 1831 2599; x_wconf 84' lang='grc' dir='ltr'>αὐδάσθω</span> <span class='ocrx_word' id='word_1_139' title='bbox 1880 2535 2083 2602; x_wconf 88' lang='grc' dir='ltr'>κακός.</span> 
     </span>
     <span class='ocr_line' id='line_1_27' title="bbox 633 2618 2016 2705; baseline 0 -24"><span class='ocrx_word' id='word_1_140' title='bbox 633 2618 848 2704; x_wconf 85' lang='grc' dir='ltr'>Φόβου</span> <span class='ocrx_word' id='word_1_141' title='bbox 882 2618 1199 2703; x_wconf 88' lang='grc' dir='ltr'>παρόντος,</span> <span class='ocrx_word' id='word_1_142' title='bbox 1247 2621 1430 2688; x_wconf 79' lang='grc' dir='ltr'>ὕπνος</span> <span class='ocrx_word' id='word_1_143' title='bbox 1475 2619 1588 2683; x_wconf 84' lang='grc' dir='ltr'>οὐκ</span> <span class='ocrx_word' id='word_1_144' title='bbox 1638 2619 1770 2705; x_wconf 87' lang='grc' dir='ltr'>ἔχει</span> <span class='ocrx_word' id='word_1_145' title='bbox 1809 2621 2016 2683; x_wconf 86' lang='grc' dir='ltr'>τόπον.</span> 
     </span>
     <span class='ocr_line' id='line_1_28' title="bbox 627 2702 2014 2790; baseline 0 -25"><span class='ocrx_word' id='word_1_146' title='bbox 627 2702 972 2766; x_wconf 84' lang='grc' dir='ltr'>Ἀπατῶσιν</span> <span class='ocrx_word' id='word_1_147' title='bbox 1017 2703 1194 2786; x_wconf 84' lang='grc' dir='ltr'>ἧττον</span> <span class='ocrx_word' id='word_1_148' title='bbox 1243 2707 1302 2766; x_wconf 83' lang='grc' dir='ltr'>οἱ</span> <span class='ocrx_word' id='word_1_149' title='bbox 1343 2704 1586 2790; x_wconf 81' lang='grc' dir='ltr'>τάχιστ&gt;</span> <span class='ocrx_word' id='word_1_150' title='bbox 1629 2704 2014 2788; x_wconf 85' lang='grc' dir='ltr'>ἀρνούμενοι.</span> 
     </span>
     <span class='ocr_line' id='line_1_29' title="bbox 632 2788 2097 2856; baseline 0.001 -5"><span class='ocrx_word' id='word_1_151' title='bbox 632 2788 908 2855; x_wconf 90' lang='grc' dir='ltr'>Δούλους</span> <span class='ocrx_word' id='word_1_152' title='bbox 953 2788 1246 2856; x_wconf 85' lang='grc' dir='ltr'>δεδοικώς</span> <span class='ocrx_word' id='word_1_153' title='bbox 1288 2789 1411 2851; x_wconf 87' lang='grc' dir='ltr'>ἐστι</span> <span class='ocrx_word' id='word_1_154' title='bbox 1457 2793 1577 2851; x_wconf 86' lang='grc' dir='ltr'>τῶν</span> <span class='ocrx_word' id='word_1_155' title='bbox 1628 2789 1867 2852; x_wconf 91' lang='grc' dir='ltr'>δούλων</span> <span class='ocrx_word' id='word_1_156' title='bbox 1911 2789 2097 2852; x_wconf 87' lang='grc' dir='ltr'>κάτω.</span> 
     </span>
    </p>

    <p class='ocr_par' dir='ltr' id='par_1_11' title="bbox 574 2869 2116 3042">
     <span class='ocr_line' id='line_1_30' title="bbox 574 2869 2116 2957; baseline 0 -22"><span class='ocrx_word' id='word_1_157' title='bbox 574 2931 579 2935; x_wconf 85' lang='grc'>.</span> <span class='ocrx_word' id='word_1_158' title='bbox 624 2869 699 2937; x_wconf 88' lang='lat' dir='ltr'>‘O</span> <span class='ocrx_word' id='word_1_159' title='bbox 747 2873 1012 2957; x_wconf 86' lang='grc' dir='ltr'>χρηστὸς</span> <span class='ocrx_word' id='word_1_160' title='bbox 1059 2871 1173 2935; x_wconf 84' lang='grc' dir='ltr'>οὐκ</span> <span class='ocrx_word' id='word_1_161' title='bbox 1210 2871 1326 2954; x_wconf 78' lang='grc' dir='ltr'>εἴη,</span> <span class='ocrx_word' id='word_1_162' title='bbox 1373 2874 1609 2956; x_wconf 84' lang='grc' dir='ltr'>λέγοιτο</span> <span class='ocrx_word' id='word_1_163' title='bbox 1654 2872 1715 2936; x_wconf 75' lang='grc' dir='ltr'>δ’</span> <span class='ocrx_word' id='word_1_164' title='bbox 1764 2871 1835 2936; x_wconf 81' lang='grc' dir='ltr'>ἂν</span> <span class='ocrx_word' id='word_1_165' title='bbox 1884 2872 2116 2942; x_wconf 85' lang='grc' dir='ltr'>ἅθλιος.</span> 
     </span>
     <span class='ocr_line' id='line_1_31' title="bbox 619 2954 1745 3042; baseline 0.002 -24"><span class='ocrx_word' id='word_1_166' title='bbox 619 2954 908 3038; x_wconf 74' lang='grc' dir='ltr'>Ἀζηλός,</span> <span class='ocrx_word' id='word_1_167' title='bbox 955 2954 1111 3017; x_wconf 84' lang='grc' dir='ltr'>ἐστιν</span> <span class='ocrx_word' id='word_1_168' title='bbox 1154 2956 1525 3040; x_wconf 82' lang='grc' dir='ltr'>ἀθλιωτάτη,</span> <span class='ocrx_word' id='word_1_169' title='bbox 1569 2958 1745 3042; x_wconf 87' lang='grc' dir='ltr'>τύχη.</span> 
     </span>
    </p>

    <p class='ocr_par' dir='ltr' id='par_1_12' title="bbox 630 3039 2063 3210">
     <span class='ocr_line' id='line_1_32' title="bbox 630 3039 2063 3126; baseline -0.001 -21"><span class='ocrx_word' id='word_1_170' title='bbox 630 3042 852 3105; x_wconf 88' lang='grc' dir='ltr'>Λαλεῖν</span> <span class='ocrx_word' id='word_1_171' title='bbox 893 3039 1158 3103; x_wconf 85' lang='grc' dir='ltr'>θέλοντα</span> <span class='ocrx_word' id='word_1_172' title='bbox 1203 3041 1261 3102; x_wconf 86' lang='grc' dir='ltr'>σ’</span> <span class='ocrx_word' id='word_1_173' title='bbox 1310 3040 1421 3102; x_wconf 83' lang='grc' dir='ltr'>οὐκ</span> <span class='ocrx_word' id='word_1_174' title='bbox 1472 3042 1716 3126; x_wconf 79' lang='grc' dir='ltr'>ἐᾷσθαι,</span> <span class='ocrx_word' id='word_1_175' title='bbox 1766 3041 2063 3126; x_wconf 84' lang='grc' dir='ltr'>σχέτλιον.</span> 
     </span>
     <span class='ocr_line' id='line_1_33' title="bbox 630 3124 1907 3210; baseline -0.002 -20"><span class='ocrx_word' id='word_1_176' title='bbox 630 3124 708 3190; x_wconf 81' lang='grc' dir='ltr'>Εἰ</span> <span class='ocrx_word' id='word_1_177' title='bbox 745 3125 847 3188; x_wconf 89' lang='grc' dir='ltr'>καὶ</span> <span class='ocrx_word' id='word_1_178' title='bbox 891 3124 1080 3208; x_wconf 85' lang='grc' dir='ltr'>ἀηδὲς</span> <span class='ocrx_word' id='word_1_179' title='bbox 1119 3124 1158 3205; x_wconf 79' lang='grc' dir='ltr'>ἡ</span> <span class='ocrx_word' id='word_1_180' title='bbox 1204 3126 1400 3210; x_wconf 86' lang='grc' dir='ltr'>τριβὴ,</span> <span class='ocrx_word' id='word_1_181' title='bbox 1444 3129 1617 3188; x_wconf 83' lang='grc' dir='ltr'>ποιεῖ</span> <span class='ocrx_word' id='word_1_182' title='bbox 1656 3126 1907 3209; x_wconf 79' lang='grc' dir='ltr'>σοφούς.</span> 
     </span>
    </p>

    <p class='ocr_par' dir='ltr' id='par_1_13' title="bbox 629 3208 2156 3374">
     <span class='ocr_line' id='line_1_34' title="bbox 629 3208 2156 3297; baseline 0 -23"><span class='ocrx_word' id='word_1_183' title='bbox 629 3209 762 3295; x_wconf 86' lang='grc' dir='ltr'>Πρὸ</span> <span class='ocrx_word' id='word_1_184' title='bbox 801 3215 910 3274; x_wconf 82' lang='grc' dir='ltr'>τοῦ</span> <span class='ocrx_word' id='word_1_185' title='bbox 952 3208 1166 3272; x_wconf 83' lang='grc' dir='ltr'>ποθεῖν</span> <span class='ocrx_word' id='word_1_186' title='bbox 1211 3210 1311 3271; x_wconf 85' lang='grc' dir='ltr'>τὸν</span> <span class='ocrx_word' id='word_1_187' title='bbox 1349 3208 1635 3296; x_wconf 83' lang='grc' dir='ltr'>θάνατον,</span> <span class='ocrx_word' id='word_1_188' title='bbox 1682 3210 1886 3297; x_wconf 83' lang='grc' dir='ltr'>ὄλβιον</span> <span class='ocrx_word' id='word_1_189' title='bbox 1926 3209 2156 3274; x_wconf 79' lang='grc' dir='ltr'>θανεῖν.</span> 
     </span>
     <span class='ocr_line' id='line_1_35' title="bbox 633 3294 1999 3374; baseline -0.001 -16"><span class='ocrx_word' id='word_1_190' title='bbox 633 3294 852 3358; x_wconf 88' lang='grc' dir='ltr'>Θανεῖν</span> <span class='ocrx_word' id='word_1_191' title='bbox 897 3294 1125 3374; x_wconf 88' lang='grc' dir='ltr'>ἀνάγκη</span> <span class='ocrx_word' id='word_1_192' title='bbox 1168 3297 1370 3370; x_wconf 88' lang='grc' dir='ltr'>πᾶσιν,</span> <span class='ocrx_word' id='word_1_193' title='bbox 1420 3294 1555 3357; x_wconf 81' lang='grc' dir='ltr'>οὐδ’</span> <span class='ocrx_word' id='word_1_194' title='bbox 1603 3294 1745 3357; x_wconf 79' lang='grc' dir='ltr'>ὅταν</span> <span class='ocrx_word' id='word_1_195' title='bbox 1790 3294 1999 3374; x_wconf 83' lang='grc' dir='ltr'>θέλῃς.</span> 
     </span>
    </p>

    <p class='ocr_par' dir='ltr' id='par_1_14' title="bbox 630 3374 2187 3706">
     <span class='ocr_line' id='line_1_36' title="bbox 630 3374 2187 3463; baseline 0.003 -24"><span class='ocrx_word' id='word_1_196' title='bbox 630 3374 718 3439; x_wconf 58' lang='lat' dir='ltr'>Th</span> <span class='ocrx_word' id='word_1_197' title='bbox 754 3379 958 3439; x_wconf 67' lang='grc' dir='ltr'>θανεῖν</span> <span class='ocrx_word' id='word_1_198' title='bbox 1006 3379 1335 3463; x_wconf 57' lang='grc' dir='ltr'>φοβεῖσθαι</span> <span class='ocrx_word' id='word_1_199' title='bbox 1379 3379 1587 3463; x_wconf 65' lang='grc' dir='ltr'>χεῖρόν</span> <span class='ocrx_word' id='word_1_200' title='bbox 1639 3379 1759 3439; x_wconf 69' lang='grc' dir='ltr'>ἐστι</span> <span class='ocrx_word' id='word_1_201' title='bbox 1811 3383 1915 3443; x_wconf 56' lang='lat' dir='ltr'>m&amp;</span> <span class='ocrx_word' id='word_1_202' title='bbox 1963 3379 2187 3443; x_wconf 69' lang='grc' dir='ltr'>θανεῖν.</span> 
     </span>
     <span class='ocr_line' id='line_1_37' title="bbox 634 3459 1919 3547; baseline 0.003 -24"><span class='ocrx_word' id='word_1_203' title='bbox 634 3459 762 3523; x_wconf 62' lang='lat' dir='ltr'>[Hm</span> <span class='ocrx_word' id='word_1_204' title='bbox 806 3463 990 3543; x_wconf 62' lang='grc' dir='ltr'>ἤρεσε</span> <span class='ocrx_word' id='word_1_205' title='bbox 1034 3467 1315 3527; x_wconf 67' lang='grc' dir='ltr'>πολλοῖσι</span> <span class='ocrx_word' id='word_1_206' title='bbox 1363 3463 1717 3543; x_wconf 38' lang='lat' dir='ltr'>:mhi-fatam:</span> <span class='ocrx_word' id='word_1_207' title='bbox 1755 3467 1919 3547; x_wconf 63' lang='grc' dir='ltr'>γυνή.</span> 
     </span>
     <span class='ocr_line' id='line_1_38' title="bbox 634 3543 2052 3631; baseline 0.003 -24"><span class='ocrx_word' id='word_1_208' title='bbox 634 3543 886 3607; x_wconf 61' lang='lat' dir='ltr'>Nes-afflant</span> <span class='ocrx_word' id='word_1_209' title='bbox 930 3547 1227 3631; x_wconf 67' lang='grc' dir='ltr'>μουνάξῆ</span> <span class='ocrx_word' id='word_1_210' title='bbox 1279 3547 1451 3631; x_wconf 68' lang='grc' dir='ltr'>γυνὴ,</span> <span class='ocrx_word' id='word_1_211' title='bbox 1491 3551 1699 3615; x_wconf 67' lang='grc' dir='ltr'>κακῶς</span> <span class='ocrx_word' id='word_1_212' title='bbox 1747 3555 1891 3611; x_wconf 65' lang='grc' dir='ltr'>νοεῖ.</span> <span class='ocrx_word' id='word_1_213' title='bbox 2047 3544 2052 3550; x_wconf 49' lang='grc'><strong>”</strong></span> 
     </span>
     <span class='ocr_line' id='line_1_39' title="bbox 634 3627 1499 3706; baseline 0.006 -15"><span class='ocrx_word' id='word_1_214' title='bbox 634 3627 898 3699; x_wconf 72' lang='grc' dir='ltr'>Πολλοῖς</span> <span class='ocrx_word' id='word_1_215' title='bbox 942 3631 1191 3706; x_wconf 48' lang='grc' dir='ltr'>ἀπειλεῖ</span> <span class='ocrx_word' id='word_1_216' title='bbox 1259 3639 1267 3651; x_wconf 66' lang='grc'><em>’</em></span> <span class='ocrx_word' id='word_1_217' title='bbox 1495 3631 1499 3634; x_wconf 58' lang='grc'>’</span> 
     </span>
    </p>
   </div>
   <div class='ocr_carea' id='block_1_7' title="bbox 950 3665 1792 3849">
    <p class='ocr_par' dir='ltr' id='par_1_15' title="bbox 950 3665 1792 3849">
     <span class='ocr_line' id='line_1_40' title="bbox 950 3665 1792 3849; baseline 0 -50"><span class='ocrx_word' id='word_1_218' title='bbox 950 3665 1792 3849; x_wconf 95' lang='lat' dir='ltr'>    </span> 
     </span>
    </p>
   </div>
  </div>
 </body>
</html>
