2884 4650
721 533 870 628 jd?—

339 702 380 758 At
397 699 528 758 luridum
551 701 680 762 cadaver
697 703 858 780 expulsum
881 703 965 762 foras

337 783 485 862 Delphini
508 787 612 863 aprica
635 796 802 864 concoquet
822 786 978 860 Canicula,

339 869 529 946 Passumque
550 872 581 929 in
605 873 682 950 algis
703 874 795 947 inque
813 892 916 932 musco
937 874 1089 950 putridum

339 956 486 1015 Miserata
505 958 612 1014 condet
632 975 693 1018 una
714 957 857 1016 Nesaeae
882 976 978 1032 soror,

268 1039 321 1092 4⁰0
340 1041 466 1117 Opitula
486 1042 593 1099 abadir
612 1043 737 1102 maximi
758 1041 935 1119 Cynaethei.

337 1126 524 1202 Bustumqne
544 1127 716 1203 proximum
739 1128 884 1186 coturnici
904 1128 970 1186 aliti

337 1211 498 1284 Tremens,
522 1212 640 1270 cavebit
662 1232 795 1270 murmur
813 1213 929 1290 Aegaei
952 1213 1019 1272 sali.

337 1297 424 1354 Tunc
443 1296 497 1354 illa
516 1294 672 1355 Castniam
694 1305 725 1354 et
746 1298 929 1356 Melinacam
950 1299 1037 1356 deam
1097 1349 1100 1354 .

256 1391 259 1402 “
335 1380 510 1439 Proscindit
530 1382 629 1440 audax
651 1382 745 1461 Uragi
764 1382 796 1440 in
819 1383 945 1458 palatio,

269 1467 320 1519 405
338 1464 422 1538 Quae
443 1465 534 1524 laciet
551 1466 636 1524 illum
658 1475 722 1524 rete
744 1468 947 1526 inextricabili

336 1551 451 1608 Furore
471 1569 528 1608 nec
545 1551 644 1609 furore
662 1570 767 1611 verum
784 1552 962 1628 Erinuyum‚

337 1635 480 1694 Tendens
502 1655 636 1696 amaram
657 1637 834 1715 compedem
855 1638 1028 1696 fatitraham

338 1720 506 1796 Omnisque
528 1729 675 1779 moestum
696 1721 827 1782 Graecia
849 1721 1018 1793 eiulabitur‚

337 1803 554 1882 Quamcunque
575 1808 728 1866 Araethus
754 1807 837 1867 intus
860 1816 949 1882 atque
970 1806 1146 1882 inhospitas

267 1894 322 1946 410
338 1890 456 1949 Fauces
478 1901 616 1950 coercent
636 1892 724 1951 Dotii
741 1893 933 1951 Libethriae:

337 1976 455 2051 Quibus
479 1995 566 2034 meae
586 1977 635 2035 vel
658 1978 695 2035 ad
716 1978 838 2054 paludis
859 1979 976 2036 interae

335 2061 448 2137 Ripam
467 2061 519 2119 diu
539 2071 610 2120 sunt
627 2062 840 2121 lacrumandae
858 2063 991 2138 nuptiae.

334 2145 416 2204 Nam
437 2146 635 2223 plurimarum
657 2155 762 2206 ventre
783 2148 971 2206 superabitur

336 2229 575 2290 Serretidentum
598 2233 685 2290 fauce
706 2251 878 2308 campanum
899 2232 1034 2290 abditum

266 2323 318 2379 415
335 2315 472 2375 Examen
495 2317 614 2396 ingens,
637 2319 832 2394 hospitesque
852 2319 883 2377 in
906 2316 1024 2394 hospite

335 2402 431 2461 Terra
449 2404 592 2462 subibunt
612 2404 702 2462 busta
723 2403 861 2479 cognatis
883 2403 1001 2480 procul.

278 2512 280 2519 ’
334 2486 416 2545 Nam
437 2488 503 2563 ripa
526 2489 674 2563 quendam
698 2487 872 2563 Strymonis
896 2487 1024 2547 Bisaltia

334 2574 562 2632 Absinthiorum
582 2575 724 2650 proxima
746 2582 835 2649 atque
856 2574 1017 2641 Bistonum

334 2657 500 2735 Vesticipis
522 2659 650 2718 altorem
674 2660 822 2735 optimum
842 2660 963 2717 Edonos
985 2673 1079 2733 prope

264 2750 317 2804 lac
335 2742 433 2819 Teget
449 2744 545 2818 priua,
569 2745 776 2821 Tymphresta
796 2763 886 2821 quam
906 2750 1010 2802 cernat
1028 2742 1112 2817 iuga,

335 2824 397 2886 Suo
420 2828 540 2904 parenti
563 2830 724 2904 plurimum
746 2831 874 2889 invisum
897 2830 1042 2898 omnium,

334 2912 394 2987 Qui
417 2912 489 2969 fecit
510 2912 596 2969 illum
617 2916 787 2988 caecilium,
810 2915 916 2974 oculos
938 2914 1054 2983 forans,

334 2996 441 3056 Cubile
464 2998 600 3074 spurium
622 2999 743 3073 quando
764 3000 851 3060 inivit
866 3000 1002 3076 «pellicis.

333 3083 411 3142 Tres
436 3080 584 3159 Cercaphi
605 3084 752 3157 spelunca
771 3104 915 3145 casuares
936 3091 1018 3161 teget

265 3172 316 3226 425
335 3168 418 3229 Olim
441 3168 577 3245 sepulcro
599 3188 660 3226 non
682 3170 719 3227 ab
739 3169 989 3247 Alontaprocul:

332 3254 464 3313 Molossi
486 3254 596 3311 olorem
617 3254 791 3330 praescium
812 3255 930 3313 Insinui
953 3253 1040 3328 (lubi,

334 3336 459 3398 Scrofae
479 3338 620 3398 incientis
644 3338 830 3399 nescientem
848 3340 974 3413 delicus,

275 3453 283 3465 -
333 3422 409 3482 Cum
433 3425 566 3502 caprifici
585 3424 638 3483 lite
664 3424 850 3504 compellans
873 3433 941 3482 cata

331 3503 445 3566 Vatem'
462 3510 624 3583 aemulum,
647 3509 715 3585 ipse
737 3510 834 3569 falsus
857 3529 896 3567 ex
917 3510 1040 3569 oraculo

263 3605 315 3659 430
334 3588 480 3653 Somnum
503 3596 624 3655 Teniris
646 3597 856 3670 praestitutum
880 3595 1025 3654 dormiet:

332 3676 537 3754 Quartumque
559 3680 661 3758 magni
675 3681 837 3739 liberorum
862 3679 995 3750 Diiovis‚

331 3764 465 3825 Fratrem
487 3763 581 3823 dolosi
603 3766 750 3826 Aethonis
773 3766 806 3825 in
825 3765 904 3823 fictis
924 3766 1017 3823 notis:
