2884 4650
80 815 84 995 ι

726 561 877 662 —ffl-
950 513 952 526 .

345 734 444 804 Ξυνδς
462 731 633 801 Ἐνυάλιος.
655 729 733 817 Νίκη
756 727 787 796 δ’
810 727 1009 814 ἐπαμείβεται
1027 727 1150 813 ἀνδρας.

339 817 479 903 Ὄμματ’
491 815 558 902 ἔχει
577 820 716 900 κεφαλῆς
738 817 855 880 όπιθεν.
877 813 972 879 Μάλα
985 837 1025 897 με
1033 814 1118 897 Εορεῖ
1133 813 1164 875 ἐν
1177 817 1257 898 χριγῖ.

342 902 381 969 ‘0
402 904 492 987 Ευρδς
513 903 556 970 εἰς
581 900 702 985 ἀκόνην.
720 901 845 985 Ἀγαθὴ
866 901 917 962 καὶ
937 899 1019 981 μάζα
1043 897 1111 982 μετ’
1132 897 1236 980 ἄρτον.
1364 939 1365 946 ι

341 987 381 1055 ‘0
399 991 533 1054 πλοῦτος
544 982 690 1070 Κινύρου.
713 985 795 1051 Ἀπδ
819 984 943 1069 πύργων
965 982 1073 1067 κρίνετ’
1095 981 1257 1066 Ἀχαίους.
1364 1003 1365 1014 ν

342 1071 387 1146 ‘0
399 1073 539 1154 πρωκτὸς
558 1070 688 1154 λούτρου
709 1071 903 1155 περιγίνεται.
922 1063 1037 1135 Ὕπνος
1056 1067 1193 1130 ἀπέστω.

341 1155 380 1222 Ὁ
405 1157 492 1240 σκνὶψ
513 1156 565 1238 την
588 1157 705 1239 χώραν.
730 1152 822 1222 Οἷνος
839 1154 890 1216 καὶ
909 1153 1018 1220 παῖδες
1040 1151 1178 1235 ἀληθεῖς.

343 1240 381 1305 ‘O
406 1242 523 1324 ψάλτης
546 1240 670 1322 ἀπορῶν
692 1241 806 1388 βγήττει.
830 1236 1031 1321 Σαρπηδόνος
1053 1237 1139 1318 ἀκτή.

347 1323 386 1391 Oi
404 1322 525 1388 Ῥόδιοι
548 1323 668 1386 θυσίαν.
721 1325 804 1391 ύδεὶς
828 1345 888 1384 σαπ
910 1323 952 1396 ὸς,
979 1319 1073 1404 μέγας
1094 1319 1194 1404 ἰχθύς.

347 1408 422 1475 Οίδε
442 1410 475 1471 τδ
494 1410 603 1470 λευκὸν
623 1410 727 1473 καὶτὸ
754 1407 859 1491 μέλαν.
882 1345 1022 1474 Πλοῦτος
1043 1405 1218 1488 κεράμειος.

347 1492 477 1559 Οίκοθεν
500 1492 623 1562 εἰκάζω.
647 1490 709 1556 Καὶ
727 1493 879 1577 κάρχαρος
902 1491 932 1552 ἐν
956 1491 1128 1574 λαχάνοισι.

348 1575 479 1642 Οίκοθεν
501 1575 613 1660 ἐχθρὸν
635 1574 753 1662 ἔχουσι.
778 1576 876 1659 Χάρις
899 1573 1027 1658 βαιοῖσιν
1052 1574 1171 1656 ὀπηδεῖ.

348 1658 510 1745 Οἰνοχοεῖς
533 1661 740 1746 βατράχοισιν.
759 1660 854 1744 Ὑπὲρ
878 1660 917 1722 σά
941 1661 1105 1740 σκάμματα
1127 1659 1240 1741 πηδᾷς.

277 1763 283 1771 ’
347 1743 506 1810 Οἰόλυκοι.
528 1743 622 1817 Πεζοὶ
644 1746 729 1831 παρὰ
751 1746 863 1808 Λύδιον
885 1744 969 1828 ἅρμα
984 1743 1125 1810 θέοντες.

347 1827 471 1897 Οἰταῖος
492 1831 621 1913 δαίμων.
641 1831 723 1895 ’Aah
749 1830 903 1916 βαλβῖδος.
929 1825 975 1892 Οὐ
995 1827 1053 1912 γὰρ
1074 1825 1216 1890 ἄκανθαι.

347 1912 432 1999 Οἰφηῖ
454 1917 558 1998 χωλὸς
581 1912 699 1999 ἄριστα.
724 1915 796 1982 Δύω
817 1915 941 2018 τοίχους
966 1910 1020 1995 ἅμ’
1044 1911 1193 1995 ἀλείφεις.

347 1996 523 2064 Οἰωνίσαιτ’
545 1998 580 2062 ἄν
606 2021 649 2067 τις
671 2000 744 2062 ίδιόν
767 2021 811 2062 σε.
834 1995 953 2060 Μοθων
974 1995 1034 2058 ἀπὸ
1057 1999 1173 2078 κώπης.

344 2082 543 2151 Ὀκτάποδες.
563 2081 718 2167 Μεγαρεῖς
739 2083 802 2146 οὔτ’
827 2083 857 2144 έν
882 2081 966 2166 λόγῳ
990 2079 1059 2142 οὔτ’
1075 2081 1106 2142 ἐν
1123 2079 1258 2166 ἀριθμιγῖ.

344 2167 530 2252 Ὀμρακίας
552 2167 795 2251 Ἀβδηρολόγος.
821 2163 942 2234 Κότυος
963 2165 1129 2248 θιασώτης.

347 2251 392 2318 Οῦ
418 2252 446 2315 δ’
470 2250 555 2336 ἴκταρ
578 2253 737 2338 βάλλουσι.
761 2249 851 2335 Μέγα
872 2250 970 2333 στόμα
991 2255 1045 2312 τοῦ
1070 2250 1223 2312 ἐνιαυτοῦ.

346 2336 392 2403 Ού
419 2340 501 2399 λῖνον
522 2337 595 2422 λίνῳ
615 2360 651 2420 γε
670 2338 839 2405 συνάπτεις.
860 2334 1001 2484 ’Έμβαλε
1018 2338 1129 2418 κυλλῇ.

347 2419 393 2487 Οῦ
415 2445 471 2484 τοι.
496 2420 688 2507 Στησιχόρου
713 2422 772 2506 τρί’
796 2419 900 2504 ἔγνως.
951 2420 998 2483 ὁδ’
1014 2420 1097 2487 ἐντὸς
1114 2416 1238 2502 Ἰώρου.

346 2505 431 2570 Οὐδὲ
452 2511 503 2568 τὸν
524 2505 672 2570 Αἴσωπον
698 2508 884 2591 πεπάτηκας.
911 2503 1032 2567 Σύκινοι
1053 2502 1171 2587 ἄνδρες.

347 2588 447 2655 Οὐδὲν
470 2592 547 2672 πρὸς
567 2591 725 2653 Διόνυσον.
744 2590 949 2675 Ὑπερμαζογῗν.
974 2586 1079 2671 Χορός
1101 2590 1214 2671 ἀργῶν.

347 2672 412 2739 Ούκ
435 2675 530 2757 ἀρετᾷ
549 2676 629 2738 κακὰ
650 2674 735 2759 ἔργα.
753 2673 862 2759 Κρεῦν
883 2672 1039 2741 δασύπους
1062 2672 1218 2755 ἐπιθυμεῖ.

347 2756 413 2823 Ούκ
435 2758 540 2827 αίιλεῖς
557 2764 687 2843 πατριῦα
711 2760 800 2843 μέλη.
828 2758 956 2841 Σιγῶοιν
976 2756 1142 2839 Ἀμύκλαι.

210 2896 218 2908 ,
347 2841 428 2927 Οὐχὶ
451 2842 508 2925 γὰρ
532 2843 691 2925 ἀγγέλλεις
707 2844 855 2927 πόλεμον.
878 2841 945 2907 Μῦν
967 2842 1030 2905 ἀντὶ
1050 2840 1184 2911 λέοντος.

345 2927 532 3010 Παιδοριλεῖ
555 2930 671 3009 μᾶλλον
692 2932 746 3011 τῖγς
770 2927 792 2991 Γ
796 2931 914 2998 ελλοῦς.
939 2925 1052 3010 Χερσὶν
1076 2926 1222 2995 ἀνίπτοις.

345 3010 470 3082 Παίζειν
493 3011 525 3073 ἐν
547 3012 722 3075 πενθοῦσιν.
741 3009 778 3075 Ὁ
801 3013 908 3094 γείτων
929 3012 980 3074 τδν
1000 3010 1082 3073 πόδα
1104 3016 1207 3073 κινῶν.

345 3095 474 3162 Πανικά.
494 3092 553 3179 Νιγῖ
573 3095 693 3158 πείθου.
716 3093 770 3164 Εἰς
790 3097 841 3159 τὸν
860 3095 1043 3181 τετρημένον
1068 3096 1196 3163 ἀντλεῖς.

345 3180 452 3245 Πάντα
475 3180 565 3243 κακοὶ
587 3182 734 3262 τολμῶσι.
757 3178 853 3289 Μάχη
876 3182 925 3243 ἐπὶ
948 3180 1049 3263 μήδεα
1072 3180 1177 3263 κείρει.

345 3264 451 3330 Πάντα
471 3265 576 3328 κάλων
596 3264 696 3328 σείειν.
717 3263 845 3333 εΑλιευς
866 3266 991 3348 πληγεὶς
1011 3264 1082 3327 νόον
1107 3262 1196 3326 οἴσει.

345 3348 450 3414 Πάντα
474 3351 528 3433 μία
553 3348 636 3418 κόνις
655 3347 728 3412 ἐστί.
754 3348 797 3413 Σὺ
824 3350 856 3412 δ’
880 3350 961 3433 ἱερὸν
984 3349 1075 3411 οῦδὲν
1099 3350 1260 3433 ὑπάρχεις.

344 3432 491 3515 Πάντα[ς]
516 3437 567 3497 δεῖ
582 3432 810 3518 παραλοῦσθαι.
831 3434 962 3518 Ἀφηγη
977 3434 1090 3515 τούμδν
1105 3432 1179 3517 όναρ
1196 3435 1259 3517 μοί.

344 3516 426 3583 Πῦισι
443 3523 559 3603 κριταῖς
578 3524 673 3603 νικᾷν.
697 3517 797 3581 Πίνειν
822 3521 955 3604 διψῶντα
979 3524 1091 3601 σιωπῇ.

345 3601 457 3685 Παῦρα
476 3604 542 3685 μὲν,
563 3605 644 3667 ἀλλὰ
667 3604 752 3688 μάλα
772 3604 890 3685 λιγέως.
916 3600 1139 3687 Ἑτερόγναθός
1161 3598 1237 3665 ἐστι.

345 3686 440 3770 Πῆμα
461 3690 555 3754 κακὸς
575 3690 694 3771 γείτων.
711 3684 805 3773 Ὑπὲρ
825 3683 1021 3771 Ἐνδυμίωνα
1043 3685 1216 3755 καθεύδεις.

345 3770 438 3835 Πλεῖν
458 3769 702 3857 εἰςΜασσαλίην.
720 3767 808 3836 “Am
818 3772 941 3857 λείχειν.
963 3773 1071 3837 Δειλδν
1084 3773 1100 3834 ό
1113 3772 1258 3840 πλοῦτος.
