2884 4650
706 539 859 634 ,goo—

323 710 371 768 Es
389 708 607 786 circumstrepit
628 708 783 768 hominum
805 711 903 770 turba.

256 799 305 852 165
322 793 390 853 Neo
410 812 467 852 nos
487 802 592 853 contre
613 794 752 852 conferre
771 795 881 871 pedem

323 879 500 952 Possumus,
522 881 648 938 absente
671 881 761 938 modo
782 888 822 938 te.

322 965 364 1026 Ut
387 973 583 1041 conspectum
602 965 706 1041 fugere
728 972 822 1037 tunm,

322 1047 497 1126 strepitant,
518 1049 616 1124 qualis
638 1049 782 1107 defuncta
803 1056 884 1108 metu

320 1135 468 1207 Vulturis,
491 1134 590 1192 avium
612 1135 699 1193 turba
719 1137 884 1198 volentum.

323 1219 414 1296 Quod
439 1219 466 1278 si
488 1219 597 1278 subitis
616 1219 692 1278 citus
714 1221 841 1292 existas,

255 1313 306 1367 170
322 1305 399 1364 Muti
420 1303 538 1381 fugiant
560 1303 754 1380 trepidanter.

671 1388 801 1467 Stropba
822 1389 883 1448 XI.

323 1476 413 1532 Anne
436 1471 537 1530 Diana
557 1480 640 1544 tuum
660 1475 783 1535 soboles
803 1475 889 1535 Iovis

322 1558 385 1634 (Ab
405 1557 471 1615 fera
492 1557 582 1628 fame,
606 1558 682 1631 fera,

320 1643 418 1700 Mater
439 1642 479 1698 ah
499 1641 604 1718 probri
624 1643 698 1719 mei)
732 1647 735 1650 ’

320 1726 357 1784 In
377 1726 485 1804 volgus
505 1735 706 1786 armentorum
728 1729 858 1786 animum
878 1727 1009 1800 furiuvit,

320 1813 383 1871 Aut
402 1812 476 1870 orba
495 1811 593 1870 fructu
612 1814 713 1872 debito
735 1813 891 1886 victoriae,

320 1900 382 1955 Aut
404 1897 571 1974 spoliorum
595 1899 694 1974 aliquo

319 1981 475 2042 Frustrata
495 1983 624 2056 honore,
648 1991 699 2044 aut
721 1982 839 2041 hinulei
858 1982 996 2041 exuviis?
1041 2005 1044 2008 ⁴

319 2067 488 2127 Bellonaue
506 2087 545 2126 an
564 2070 646 2128 Mars
670 2061 851 2145 supplicium
872 2067 980 2127 rabido

319 2151 458 2212 Poscens
480 2153 579 2210 oulen·

321 2245 365 2295 -te
389 2239 716 2316 sanguine,noetivegis
739 2237 867 2296 vindicis

318 2321 482 2382 Furoribus
503 2323 576 2381 irae.

630 2409 823 2483 Antistropba
845 2408 907 2466 XI.

319 2488 393 2549 Non
412 2498 441 2549 te
464 2492 540 2550 adeo
561 2512 658 2569 usque
682 2492 805 2553 sinister
822 2493 885 2571 agit
903 2493 994 2563 furor,

320 2576 348 2635 0
371 2574 598 2651 Telamoniade,

319 2659 357 2717 In
377 2678 486 2739 greges
507 2670 540 2719 ut
561 2670 593 2720 tu
614 2662 722 2722 irruas·

321 2744 406 2803 Haeo
427 2745 564 2805 caelitum
587 2749 633 2808 vis
656 2756 704 2808 est
721 2767 817 2825 mage.
840 2748 977 2823 Iuppiter
990 2765 1076 2803 aver-

321 2837 458 2887 -runcate
477 2831 570 2909 volgi,
595 2840 625 2890 et
645 2834 779 2905 Phoebe,
802 2850 935 2893 rumores
957 2832 1063 2891 malos.

320 2912 375 2975 Sin
394 2932 449 2973 sue
471 2918 638 2991 composito

319 2998 496 3059 Commenta
514 3000 631 3077 fingunt
652 3010 715 3060 arte
738 3003 818 3060 mala
838 3020 994 3079 proceres,

318 3088 379 3145 Aut
398 3103 467 3142 aere
487 3084 567 3142 cauti
590 3082 770 3162 Sisyphides
793 3106 906 3165 genus:

281 3172 285 3183 ’
319 3168 379 3245 Ne,
401 3170 428 3229 si
451 3170 546 3246 sepis,

317 3256 367 3317 Ad
389 3256 474 3328 haec,
495 3273 582 3333 rogo,
605 3262 703 3313 costra
725 3276 850 3316 manens
871 3257 986 3330 deside,

317 3342 433 3402 Probro
455 3340 510 3399 tibi
532 3358 570 3398 ne
593 3338 642 3399 sit.

369 3499 372 3510 ,
660 3426 786 3501 Epodus
808 3427 879 3486 VII.

317 3510 435 3585 Linque
456 3511 578 3571 sedilis:
600 3528 704 3588 surge:
728 3511 780 3569 ubi
802 3511 871 3586 plus
895 3519 944 3571 sat
963 3511 1056 3589 longo

317 3595 416 3654 Lente
433 3598 582 3656 exereitus
601 3595 772 3658 immoraris
796 3597 871 3669 otio,

318 3681 394 3740 Dirs
410 3681 550 3741 incendis
570 3681 732 3741 ventilans.

318 3768 444 3846 Impune
463 3776 603 3843 proterva
624 3768 671 3827 vis
693 3767 814 3845 linguas

347 4029 970 4469 *sii
