2884 4650
702 551 855 646 ffi—
937 531 951 549 .

334 719 405 779 Tibi
426 719 506 793 dico,
529 727 637 797 captae
659 722 766 779 matris
785 719 915 778 ancillae
937 739 1042 798 genus.

333 804 470 883 Ingenua
485 805 566 880 quod
588 805 615 865 si
636 805 812 865 sustulisset
833 814 1005 881 teporem,

257 888 325 942 1230
334 890 487 967 Quantum
509 898 652 964 tumeres,
675 899 764 966 teque
787 889 1091 966 celsumattolleres,

335 974 410 1034 Cum
428 975 529 1054 litiges
554 975 639 1034 nulla
660 976 757 1047 inre,
780 976 872 1034 homo
895 976 972 1033 nulli
994 977 1060 1036 rei?

334 1061 466 1120 Venisse
484 1078 541 1118 nec
562 1080 620 1119 nos
643 1060 883 1133 classirectores,
905 1079 1004 1136 neque

227 1151 237 1180 '
333 1146 436 1205 Duces
458 1147 618 1220 Achivum,
639 1146 831 1204 iureiurando
852 1153 1001 1205 autumas.

335 1229 397 1291 Sed
419 1231 492 1290 iuris
509 1231 602 1303 Aiax,
625 1238 658 1288 ut
676 1232 803 1307 probas,
825 1230 910 1288 venit
928 1232 989 1289 sui:

257 1318 325 1373 1235
334 1318 383 1376 An
407 1317 468 1375 ista
483 1317 531 1374 ius
552 1323 599 1374 est
621 1315 701 1373 dicta
724 1332 826 1374 servos
845 1314 1009 1392 proloquii

332 1399 406 1474 Quis
426 1401 489 1473 ille,
511 1400 558 1458 cui
580 1407 623 1473 tu,
645 1409 731 1459 tanta
752 1400 935 1473 vociferans,
957 1400 1084 1459 studes?

225 1509 239 1540 o
334 1487 402 1561 Quo
428 1485 552 1543 contulit
573 1484 693 1562 pedem,
715 1485 769 1543 ubi
790 1485 883 1557 stetit,
902 1485 954 1543 ubi
976 1493 1007 1542 et
1028 1505 1090 1544 non
1112 1489 1194 1565 ego?

332 1574 381 1630 An
401 1578 524 1647 praeter
543 1569 639 1643 illum,
660 1570 776 1629 nullum
801 1569 915 1628 habent
936 1569 1046 1629 Graeci
1068 1572 1189 1632 virum?

332 1656 423 1731 Erg0‚
446 1662 480 1712 ut
499 1654 645 1728 videmur,
668 1656 772 1730 iniqua
793 1655 1050 1732 promulgavimus

257 1742 324 1796 1240
333 1741 495 1799 Armorum
517 1740 645 1800 Achillis
666 1741 787 1816 publice
810 1741 985 1813 certamina,

335 1822 369 1884 Si
388 1824 506 1884 Teucer
529 1834 559 1883 et
580 1843 637 1884 nos
661 1844 714 1884 ore
735 1825 888 1885 convincit
907 1825 1022 1885 malos:

332 1908 400 1973 Nec
422 1918 471 1969 sat
491 1912 658 1986 probentur
676 1911 731 1968 illa
754 1930 794 1968 ne
817 1910 904 1969 vietis
924 1911 1055 1984 quidem,

333 1995 402 2054 Hac
422 2003 514 2068 stare,
537 2014 597 2070 qua
617 2003 661 2053 tot
679 2015 826 2054 censuere
848 1994 977 2054 iudices:

332 2080 445 2139 Verum
465 2082 586 2158 probris
608 2099 662 2138 nos
682 2080 815 2155 undique
835 2079 1011 2138 incilabitis.

257 2169 324 2222 1a45
333 2165 448 2226 Furtim
471 2174 522 2224 aut
543 2165 664 2243 petetis,
686 2166 814 2241 impotes
838 2165 995 2223 victoriae.

333 2251 407 2310 Istis
429 2253 466 2310 ab
489 2251 599 2309 animis
621 2250 815 2326 moribusque
835 2249 948 2309 eimodi

332 2336 497 2413 Nunquam
520 2344 675 2397 asseretur
694 2336 814 2413 legibus
834 2354 907 2395 suus
926 2343 1034 2407 status,

335 2420 370 2482 Si
389 2422 545 2500 exigemus
568 2423 633 2480 iure
654 2422 809 2480 vincentes
829 2420 912 2493 loco,

332 2507 373 2565 Et
394 2507 617 2585 postputandos
644 2514 714 2565 ante
735 2506 961 2565 collocabimus.

257 2591 325 2646 1250
335 2589 397 2651 Sed
415 2593 650 2669 comprimenda.
674 2593 750 2650 haec
770 2611 833 2650 non
854 2590 998 2648 lacertosi
1017 2590 1085 2662 viri,

332 2675 489 2752 Vastaque
511 2678 618 2736 virium
636 2678 761 2752 impetu,
782 2677 804 2734 ii
826 2674 993 2734 tutissumi:

333 2758 396 2820 Sed
419 2762 529 2837 ubique
549 2764 682 2836 vincunt,
706 2770 808 2820 mente
829 2762 881 2836 qui
902 2780 979 2820 sana
1000 2760 1110 2817 cluent.

332 2845 444 2922 Flagra
464 2847 666 2907 admonentur
682 2848 799 2923 pollulo
818 2846 947 2924 glebarii

333 2930 436 2989 Validi
455 2932 571 2991 triones
591 2941 706 2990 rectum
726 2933 818 2991 itiner
837 2932 990 3002 insistere,

256 3014 391 3078 12550ui
413 3017 532 3094 generis
555 3017 586 3075 in
609 3025 639 3075 te
661 3018 827 3076 remedium
848 3017 936 3076 video
962 3015 1019 3073 cito

332 3103 495 3178 Expetere‚
517 3102 549 3158 ni
572 3109 602 3159 te
623 3121 732 3179 sapere
753 3102 893 3179 postules
914 3103 1002 3160 bene.

333 3186 392 3260 Qui
414 3195 503 3246 natus
524 3185 591 3259 illo,
613 3187 665 3263 qui
684 3187 923 3258 umbraminis,
946 3206 1009 3245 non
1028 3180 1155 3250 vireat,

334 3272 438 3333 Gestis
458 3271 590 3350 petulas,
611 3271 744 3345 loqueris
766 3281 796 3330 et
816 3272 1006 3347 proterviter.

333 3356 407 3416 Non
426 3378 535 3435 sapere
558 3350 680 3417 disces?
697 3375 762 3413 -non
784 3364 905 3414 tuorum
926 3356 1067 3416 conscius

257 3440 501 3518 ltbdNatalinm
521 3442 675 3503 hominem
697 3440 826 3498 liberum
846 3440 979 3500 adduces
1000 3441 1085 3510 mibi,

262 3587 264 3591 ,
335 3525 513 3587 Orationem
536 3530 587 3605 qui
612 3528 695 3586 dabit
715 3533 799 3583 tuam
820 3526 937 3584 vicem?

260 3608 268 3649 ι’
332 3606 415 3667 Nam
436 3621 466 3671 ta
486 3614 631 3690 loquente
651 3613 731 3671 dicta
754 3630 803 3669 me
823 3611 974 3669 ineertant
994 3618 1056 3681 tua,

332 3694 375 3754 Ut
395 3698 445 3769 qui
466 3696 621 3773 loquelam
641 3698 802 3758 barbaram
822 3696 904 3754 haud
923 3695 1108 3771 intellegam.

332 3778 388 3840 ch.
433 3778 560 3857 Utrique
579 3790 712 3847 vestrum
734 3782 786 3841 Dii
808 3782 921 3840 bonam
946 3787 1077 3839 mentem
1099 3780 1196 3839 duint.
