2884 4650
1535 553 1652 615 156

676 719 1107 803 Σπανιώτερος
1150 718 1458 788 Φοίνικος.
1492 715 1603 782 Ἐκ
1644 717 1945 800 στόματος
1984 717 2194 780 λύκου.

676 803 960 888 Σπάρτης
1004 803 1518 888 ἐλευθερώτερος.
1558 802 1842 866 Γλαύκου
1889 801 2095 886 τέχνη.

675 887 925 972 Σπείρει
969 888 1241 971 κύμινον.
1292 886 1540 997 Σχῆμα,
1583 889 1687 950 καὶ
1728 887 2092 972 τριώβολον.

579 985 585 994 “
676 971 1007 1036 Σπεύδοντ’
1056 972 1343 1057 ὀτρύνεις.
1398 971 1457 1035 Η
1496 974 1652 1055 γαλῆ
1700 969 2071 1055 Ταρτησσία.

676 1056 1042 1142 Συβαριτικὴ
1088 1057 1381 1140 τράπεζα.
1426 1055 1730 1140 Περδίκου
1783 1055 2017 1123 σκέλος.

676 1139 1043 1226 Σύμβουλος
1085 1142 1246 1225 ἱερὸν
1287 1145 1522 1226 χρῆμα.
1566 1139 1818 1223 Μάρτυς
1862 1138 2126 1203 οἴκοθεν.

677 1224 1028 1310 Συρακοσία
1067 1227 1357 1309 τράπεζα.
1410 1225 1637 1294 ΔοῖδυΕ
1689 1225 1956 1294 αὐξάνει.

651 1307 773 1386 ,Τὰ
813 1309 1279 1394 καλὰχαλεπά.
1328 1306 1454 1392 Τῆς
1484 1309 1869 1393 Ἀμαλθείας
1907 1307 2110 1393 κέρας.

679 1390 804 1457 Τᾶν
849 1398 1172 1478 πορφυρᾶν
1220 1392 1566 1478 λιχνότερα.
1613 1391 1670 1457 Κ
1715 1393 1999 1476 αυγάζεις
2029 1388 2246 1456 ”Υλαν.

679 1474 807 1546 Τὰς
852 1479 923 1541 ἐκ
968 1478 1279 1562 φαρέτρας
1318 1480 1609 1563 ψηφίδας.
1719 1478 1922 1562 ύρβεις
1956 1483 2182 1540 κακῶν.

679 1558 921 1647 Ταχεῖα
966 1562 1165 1625 πειθὼ
1213 1569 1332 1625 τῶν
1378 1567 1605 1625 κακῶν.
1654 1563 1746 1625 Δι’
1788 1563 2077 1645 ἅρματος.

679 1641 924 1731 Τελχίν.
970 1643 1119 1709 Βίον
1165 1651 1244 1731 ζῇ
1282 1646 1626 1730 πνεύμονος
1668 1647 2021 1710 θαλαττίου.

678 1727 1022 1814 Τεμεσαῖος
1062 1732 1249 1815 ῆρως.
1298 1728 1496 1799 Οὗτος
1539 1731 1727 1800 ἄλλος
1763 1729 2098 1814 (Ηρακλῆς.

678 1812 961 1899 Τήνελλα
1003 1817 1366 1883 καλλίνικος.
1415 1811 1506 1879 Οὐ
1546 1816 1601 1879 δ’
1648 1817 1810 1879 οὕτω
1854 1820 2078 1883 κακῶς.

678 1896 806 1983 Τῆς
845 1901 1092 1984 μητρὸς,
1139 1902 1346 1984 ὥσπερ
1395 1900 1514 1975 αἲξ,
1562 1900 2100 1985 καλῇ..θανάτους
2142 1897 2309 1961 ὄνου.

678 1980 757 2046 Τί
800 1987 953 2068 πρὸς
990 1985 1091 2047 τὸν
1124 1982 1393 2068 Ἑρμῆνς
1420 1981 1609 2054 Ὄνος
1647 1984 1811 2067 ἄγων
1856 1986 2178 2068 μυστήρια.

679 2064 759 2131 Τί
794 2074 1059 2153 πρῶτον,
1100 2070 1140 2152 ἢ
1189 2070 1247 2131 τί
1282 2070 1571 2146 ῦστατον;
1613 2066 1879 2132 Βολίτου
1926 2069 2082 2151 δίκη.

679 2149 758 2215 Τί
795 2176 895 2216 σοι
937 2151 1263 2217 Ἀπόλλων
1309 2152 1651 2239 κεκιθάρικ’
1666 2179 1684 2230 3
1717 2153 1949 2238 Ἄργου
1997 2154 2210 2238 λόφος.

678 2233 921 2300 Τίλλειν
969 2238 1309 2321 φαλακρόν.
1350 2238 1567 2308 Ἀετὸς
1613 2238 1857 2323 φεύγων
1898 2237 2104 2301 λύκον.

681 2317 768 2387 Τὸ
811 2328 924 2406 γρῦ
967 2323 1219 2391 Δίωνος.
1269 2320 1387 2387 Τὸν
1432 2323 1638 2394 Εύοντ’
1682 2323 1994 2394 ἀντιξύειν.

682 2403 769 2471 Τὸ
815 2407 1046 2491 θερμὸν
1089 2409 1335 2494 ὁβελοῦ.
1385 2406 1455 2471 T'
1499 2409 1820 2493 ἀλλότριον
1873 2410 2036 2492 ἀμᾷς
2075 2408 2280 2493 θέρος.

681 2486 767 2555 Τὸ
809 2492 1102 2555 θετταλὸν
1150 2492 1448 2578 σόφισμα.
1497 2493 1821 2578 Πελλήνης
1855 2496 2063 2578 χιτών.

681 2570 767 2638 Τὸ
817 2581 1049 2660 σχᾶμα,
1093 2578 1195 2640 καὶ
1244 2580 1310 2641 τὸ
1365 2579 1553 2663 βᾶμα.
1598 2577 2028 2660 Μελλονικιᾷν.

681 2653 768 2722 Τὸ
815 2660 1129 2746 Φρυνίχου
1175 2665 1520 2746 πάλαισμα.
1558 2662 1857 2748 Σαρδῶος
1895 2661 2111 2744 γέλως.

682 2738 983 2827 Τραγικὸς
1022 2746 1305 2831 πίθηκος.
1346 2745 1795 2832 Εὐγενέστερος
1837 2744 2108 2830 Κόδρου.

682 2821 1073 2913 Τραγῳδικὸν
1162 2832 1438 2895 λέπουσι.
1487 2831 1645 2902 Θεὸς
1691 2832 2039 2915 ἀνενδεής.,

681 2906 1069 2997 Τρικέφαλος
1103 2913 1118 2938 ‘
1190 2921 1361 2999 ρμῆς.
1411 2914 1540 2981 Τοῦ
1585 2919 1817 3001 πατρὸς
1859 2917 1925 2979 τὸ
1969 2916 2235 2979 παιδίον.

683 2991 731 3056 Τ
777 2999 910 3082 ίψαι
952 2996 1307 3081 πρόσωπον.
1345 2996 1584 3082 Ὁμόσε
1623 3005 1851 3087 χωρεῖν
1894 3004 1982 3086 τῷ
2020 3000 2250 3087 χρόνῳ.

675 3076 693 3098 ‘
750 3082 867 3166 γρὰ
910 3081 1130 3145 δίαιτα.
1171 3081 1505 3168 Παρδαλῆν
1556 3086 1917 3170 ἐνημμένος.

665 3158 880 3252 “remp
929 3166 1115 3250 μένει.
1159 3166 1291 3252 Πρὸ
1336 3173 1442 3252 τῆς
1489 3172 1639 3255 βοῆς
1685 3169 1964 3235 σπεύδων
2014 3170 2216 3239 λύκος.

675 3247 1205 3337 Ὑπερβερεταῖος.
1253 3251 1448 3322 Αῦθις
1493 3253 1571 3318 αὖ
1614 3254 1873 3319 Πυθώδ’
1923 3257 2085 3323 ὁδός.

675 3331 1080 3419 Ὑποσχέσεις
1122 3335 1428 3419 Χάρητος.
1458 3337 1574 3407 ‘rc
1623 3340 1968 3424 ἐκώμασεν.

665 3416 781 3488 ‘Tg
825 3424 929 3504 τὴν
969 3419 1262 3504 Ἃῧηνᾶν.
1302 3419 1378 3484 *H
1429 3424 1606 3508 χάρις
1646 3428 1822 3508 χάριν
1869 3424 2064 3510 φέρει.

685 3504 1326 3592 Ψυρμσρᾗφῡὺμεῧ“.
1374 3504 1762 3592 Εὐλαβεῖπῧε
1806 3511 1905 3572 τὸν
1953 3510 2126 3573 κύνα.

685 3588 969 3652 Φύλαττε
1018 3596 1118 3656 τὸν
1162 3592 1442 3676 θώρακα.
1494 3592 1750 3660 Τιτᾶνας
1786 3596 2011 3664 καλεῖς.

689 3672 857 3756 &phe
905 3676 1098 3764 μηδὲν
1239 3696 1318 3749 „v
1362 3676 1738 3764 Σπινθάρου.
1790 3676 1958 3748 Βοῦς
2003 3679 2064 3742 ἐν
2106 3679 2307 3743 πόλει.

689 3756 973 3828 &tannae
1005 3793 1050 3811 ··
1147 3755 1155 3768 '
1238 3768 1364 3846 {4:ss
1412 3764 1766 3851 ’χαρώνεισς
1810 3762 1989 3847 θύρα.
