2884 4650
242 2518 246 2523 ’
315 2523 333 2561 κ

698 478 848 571 -ο-ιι-

521 647 674 707 Praefatio
695 646 821 707 Catonis
842 646 881 705 ad
900 645 1020 705 Filium.

317 727 346 789 Φ
369 728 521 811 ασάμενος
541 729 701 797 πλείστους
727 729 910 812 ἀνθρώπων,
933 730 976 795 ῶς
995 726 1064 810 περὶ
1088 727 1233 810 θεσμυδς

314 749 418 876 Ἠθῶν
440 813 615 889 πλάζονται,
638 812 839 897 προνοεῖσθαι
857 812 954 874 τῶνδε
975 812 1106 893 μάλιστα

313 895 413 965 ἈΕιον
437 898 589 982 ὠϊσάμην,
612 898 663 959 καὶ
684 899 820 980 λήματος
841 894 1069 980 ἀντιλαβέσθαι,
1197 904 1201 910 ’

311 977 416 1063 Ὄφρα
437 984 540 1049 καλῶς
563 983 676 1056 ζώωσι,
697 982 749 1044 καὶ
769 980 893 1048 εὐκλεὲς
914 978 1005 1065 εὖχος
1028 979 1172 1064 ἄρωνται.

317 1064 411 1149 Δεῶρ’
436 1064 490 1148 ἀγε
510 1065 613 1127 τέκνον
635 1064 705 1147 ἐμοὶ
726 1063 958 1150 κεχαρισμένον,
979 1066 1022 1133 ὥς
1043 1087 1078 1125 σε
1091 1064 1208 1135 διδάξω

315 1148 390 1217 Πῶς
408 1151 465 1225 δεῖ,
487 1149 671 1234 βυθμίζοντα
691 1154 763 1213 τεοῦ
783 1151 853 1217 νοὸς
870 1148 953 1232 ἤθεα
969 1152 1105 1232 κοσμεῖν.

316 1230 410 1302 Τάςδ’
435 1231 487 1296 οὖν
511 1232 646 1300 ἐντυλίας
666 1234 830 1316 ἀνάγνωθι,
848 1233 946 1317 γνῶθί
963 1231 993 1294 τ)
1016 1232 1173 1314 ἀναγνούς.

306 1314 366 1380 Ὧν
387 1316 445 1401 γὰρ
470 1317 586 1400 ἀνέγνω
605 1318 658 1393 τίς,
682 1318 723 1401 μὴ
746 1316 778 1380 δ’
803 1316 893 1400 ἔγνω,
915 1319 1016 1403 πάγχυ
1038 1316 1186 1400 κατέγνω.

316 1508 346 1549 α.
371 1482 434 1549 Καὶ
444 1486 481 1567 δὴ
493 1484 624 1551 ἄκουσον
637 1484 724 1569 ἐμοῦ.
736 1485 920 1571 Θεῷεύχου.
931 1483 1174 1568 Στέργετοκῆας.
1197 1487 1229 1570 β.

315 1586 343 1653 γ.
373 1565 452 1638 Τοὺς
473 1569 571 1653 πηοδς
593 1570 674 1652 τίμα.
700 1568 759 1633 Τὸν
781 1571 938 1655 ύφηγητὴν
960 1570 1133 1655 πεφόβησο.
1198 1572 1228 1633 δ.

316 1676 343 1717 ε.
372 1652 513 1738 Τήρησον
526 1655 559 1715 τδ
577 1653 679 1716 δοθέν.
693 1652 844 1738 Νομίμοις
860 1655 973 1738 ἀγορᾶς
989 1655 1173 1716 ὑποτάσσού.
1199 1678 1228 1725 ς.

316 1741 342 1809 ζ.
371 1735 443 1807 Τοῖς
451 1737 580 1821 ἀγαθοῖς
592 1739 722 1823 ἀνδρῶν,
733 1740 783 1801 καὶ
794 1743 856 1806 τοῖς
869 1739 1057 1821 φρυνίμοισιν
1072 1738 1183 1820 ὁμιλει.

315 1846 346 1905 η.
369 1819 423 1891 Εἰς
434 1823 486 1907 τὴν
504 1822 686 1907 συμβούλων
703 1822 806 1908 άγυριν
824 1824 864 1906 μὴ
887 1824 994 1905 ἀκλητὶ
1006 1822 1183 1906 παρελθεῖν.

315 1907 345 1970 θ.
370 1904 582 1993 Κοσμιύτητος
596 1905 672 1993 ἔχου
692 1907 848 1992 καθαρῶς.
873 1907 1075 1975 Ἀσπαοτικδς
1089 1906 1161 1969 ίσθι.
1207 1932 1228 1970 ι.
1247 1979 1252 1985 ,

317 2015 357 2055 ια.
369 1990 457 2062 Είξον
472 1992 700 2077 ἀρειοτέροισιν.
724 1991 963 2076 Ἀραυρυτέρων
975 1993 1139 2076 περίδησο.
1187 1994 1228 2077 ιβ.

317 2100 354 2160 ιγ.
368 2075 517 2161 Κτήματα
532 2082 587 2140 σοῦ
603 2082 714 2159 τηρεῖν.
731 2077 817 2139 Αίδὼ
836 2077 885 2139 ἐπὶ
900 2080 973 2138 πᾶσι
989 2077 1162 2160 φυλάττειν.
1188 2078 1228 2139 ιδ.

317 2184 352 2224 ιε.
367 2158 529 2244 γΤημελίιην
545 2162 640 2224 ἄσκει.
663 2158 798 2245 Βιβλίων
816 2160 861 2223 ύτι
872 2163 999 2223 πλεῖστοι
1014 2162 1151 2245 διέρχου.
1188 2184 1228 2231 ις.

317 2250 353 2318 ιζ.
373 2243 477 2308 Πάντα
494 2244 526 2308 δ’
543 2246 586 2307 ένὶ
597 2246 700 2330 μνήμη
713 2244 878 2328 ταμιεύειν,
889 2246 935 2306 ,ῶν
948 2267 998 2307 κεν
1015 2246 1161 2330 ἀναγνῷς.

317 2354 357 2415 ιη.
372 2327 440 2392 Τῶν
457 2332 540 2393 ἰδίων
555 2334 707 2415 προνοεῖν.
726 2329 839 2413 Πρᾴως
856 2332 1014 2392 πάντεσσιν
1033 2332 1161 2413 ὁμιλεῖν.
1186 2329 1227 2393 ιθ.

315 2440 343 2478 κ.
373 2411 425 2497 Μὴ
444 2419 572 2499 νεμεσᾷν
589 2415 719 2497 ἀλόγως.
731 2416 892 2498 χλευάζειν
905 2416 1036 2497 μηδενὸς
1047 2414 1145 2499 ἔργον.
1176 2439 1227 2478 κα.

335 2496 497 2645 βΧρῆσον
508 2500 561 2581 μὲν
578 2502 611 2563 τὸ
623 2501 754 2574 δάνειον,
762 2497 824 2582 ὅτῳ
831 2501 957 2584 χρήσεις
966 2500 1010 2575 δὲ,
1023 2501 1157 2580 λογίζου.
1179 2524 1227 2582 κγ.

314 2607 333 2645 κ
354 2579 424 2649 ,Ε’ίς
437 2605 472 2665 γε
487 2583 570 2667 δίκην
586 2585 783 2668 πάριθι[.]τιγῖ
800 2585 912 2667 βήματι
927 2583 1094 2668 ἐμφάνισύν
1107 2607 1151 2647 σε.
1180 2608 1226 2648 κε.

315 2691 362 2736 κς.
371 2663 424 2747 Μὴ
440 2667 643 2737 πολύδειπνος
654 2668 738 2753 ἔμεν,
752 2668 791 2750 μὴ
808 2669 950 2752 συχνάκις
963 2668 1177 2740 εἰλαπινάζειν.

245 2767 251 2781 ’
314 2755 360 2822 κζ.
369 2745 451 2813 Εὖδε
464 2753 497 2813 τδ
509 2752 616 2834 μ’έτρον
626 2759 691 2816 σοῦ.
708 2750 754 2814 T&
767 2749 879 2836 ἔνορκα
892 2753 995 2814 δίκαια
1004 2752 1146 2838 φύλαττε.
1176 2778 1226 2839 κη.

315 2829 524 2919 κθ.οίνύιρλυξ
539 2837 579 2919 μὴ
590 2838 702 2919 γίγνου.
717 2836 913 2918 Ἀμύνασθαι
930 2837 999 2919 περὶ
1014 2839 1139 2921 πάτρης.
1197 2842 1226 2904 λ.

178 2937 193 2994 ,·
316 2916 1153 3008 λαΜὴπροπετῶςπίστευσον.Ἀεὶβουλὴνδδςὲαυτιγῖ.
1177 2925 1226 3070 λβ.

315 3000 527 3088 λγ.Μαχλάδα
546 3002 659 3088 πόρνην
680 3009 785 3091 φεῦγε.
817 3005 971 3068 Διδάσκου
990 3007 1154 3090 γράμματα
1178 3011 1196 3072 λ
1217 3054 1226 3071 .

924 3091 1034 3152 πολλά.

316 3170 412 3236 λε.Μ’
441 3173 583 3255 γλώσσης
604 3173 731 3255 ψεύδοιο
774 3173 954 3258 αριζύμενος
974 3180 1133 3257 παρεοῦσι.

315 3196 447 3328 λς.Τύθς
459 3255 594 3338 ἀγαθρὺς
606 3254 641 3319 εύ
656 3257 736 3342 έρδε.
748 3197 838 3342 λακη
860 3260 945 3342 ορίας
958 3259 1142 3344 ἀπέχεσθαι.
1180 3264 1227 3333 λζ.

316 3338 410 3427 ληΤδ
423 3340 537 3432 τρύπρυ
554 3341 711 3427 εὔσχημον
725 3347 761 3429 τή
784 3367 820 3408 ει.
840 3282 891 3405 λὰ
905 3342 1008 3406 δίκαια
1020 3345 1134 3416 δίκαζε.
1176 3344 1226 3408 λθ.

317 3452 348 3510 μ.
367 3421 522 3510 Καρτερίη
538 3426 647 3509 γονέας
664 3428 742 3492 νίκα.
801 3427 916 3511 έμνησυ
933 3428 1042 3491 παθὼν
1057 3427 1102 3492 εδ.
1173 3451 1226 3512 μα.

317 3509 548 3598 μβ.Δυστυχέας
560 3513 601 3596 μη
615 3517 746 3578 σκῶπτε.
762 3513 859 3577 Γενοῶ
874 3511 999 3581 σύννους
1011 3535 1043 3575 τε
1059 3515 1111 3576 καλ
1122 3515 1173 3598 ἐμ-

318 3676 467 3765 μδ.Ἀμφ’
485 3679 595 3766 ἀρετὴν
609 3684 736 3769 τρίβοιο.
757 3681 895 3748 Χαλινού
909 3618 1136 3766 μύῇύίύζύρμὴν.
1177 3705 1226 3765 με.
