2884 4650
695 539 849 632 —321-

325 703 439 778 Fuerit,
459 705 521 766 uisi
540 713 582 767 tu.
605 725 704 766 noune
725 708 842 767 conieci
860 709 960 768 bene?

324 791 405 849 Men.
446 791 599 852 Abscedo.
617 811 688 850 nam
705 811 784 868 quae
801 795 965 870 turpitudo,
986 795 1066 855 velle
1084 815 1155 855 eum

251 881 318 936 1160
327 873 476 936 Sermone
496 876 656 954 castigare,
677 878 730 952 qui
751 879 818 954 cogi
838 880 959 955 potest?

326 963 401 1022 Teu.
421 961 1234 1042 Abscedenamquamturpeetinhouestumestmibi,

325 1047 489 1109 Attendere
513 1047 629 1105 bomini
651 1047 799 1106 effutienti
816 1048 941 1108 inania?

328 1133 384 1195 ch.
426 1133 524 1192 Atrox
542 1131 607 1191 litis
627 1139 778 1190 certamen
801 1134 867 1191 erit.

327 1217 479 1293 Quantum
500 1217 582 1292 potis
603 1234 649 1290 es,
669 1236 804 1294 propera
824 1217 952 1292 Teucer,

251 1308 318 1362 1165
327 1305 519 1377 Fossamquo
539 1320 643 1359 cavam
664 1301 740 1362 citus
762 1302 833 1361 huic
852 1322 933 1362 cura.

327 1389 389 1449 Ubi
409 1393 558 1465 perpetua
578 1386 728 1444 celebrem
747 1389 864 1447 cunctis

328 1473 492 1533 Tumulum
512 1489 579 1530 cum
601 1471 691 1529 lauda
713 1474 837 1531 tenebit.

327 1559 403 1617 Teu.
442 1557 484 1616 At
506 1574 575 1614 ecce
595 1561 719 1633 praesto
743 1558 871 1634 tempori
893 1558 1004 1617 adsunt
1021 1579 1174 1636 proxume

326 1645 367 1704 Et
384 1648 494 1720 gnatus
513 1641 602 1698 huius
621 1649 710 1716 atque
730 1644 883 1718 particeps
903 1644 974 1716 tori,
1037 1681 1046 1698 Ι

251 1733 320 1787 1170
327 1728 371 1788 Ut
393 1733 583 1802 exequantur
600 1727 658 1783 rite
677 1726 768 1786 funus
786 1729 907 1786 mortui.

329 1814 357 1875 Ο
378 1831 465 1890 puer,
486 1810 639 1872 adesdum.
662 1829 719 1889 age
742 1813 864 1872 accidas
885 1813 1017 1889 supplex
1038 1814 1130 1890 patri,

329 1899 390 1976 Qui
410 1904 441 1956 te
463 1897 495 1954 iu
518 1915 666 1972 supernas
686 1896 764 1955 lucis
785 1917 854 1956 oras
877 1898 987 1957 edidit:

326 1984 378 2044 Illi
400 1982 503 2042 asside
523 1981 712 2058 suppliciter,
736 1989 766 2040 et
786 1983 925 2043 manibus
946 1991 1017 2042 tene

192 2141 194 2148 Ι
327 2071 425 2142 Meas,
450 2075 480 2126 ct
497 2067 598 2138 buius,
621 2073 651 2123 et
668 2074 737 2125 tuas
757 2067 861 2126 itidem
881 2087 995 2141 comas,

252 2161 319 2215 1175
330 2152 488 2231 Supplicia
508 2151 687 2209 velamenta.
714 2153 796 2227 quod
817 2154 845 2212 ei
867 2154 994 2211 exerciti

329 2239 456 2314 Quidem
479 2237 651 2314 aggreditur
676 2245 795 2295 mortuo
814 2245 844 2295 te
865 2239 1008 2312 avellere,

329 2326 466 2385 Tollatur
487 2321 658 2399 insepultus
680 2322 815 2381 emedio
838 2323 932 2383 male:

328 2412 370 2471 Et
394 2417 515 2469 eruatur
532 2427 643 2487 genere
663 2414 729 2467 toto
753 2409 901 2488 stirpitus,

331 2495 467 2569 Qualiter
488 2513 545 2571 ego
567 2493 658 2551 istum
679 2493 818 2569 praesioo
837 2494 955 2561 =crinem
977 2512 1077 2552 manu.

254 2580 422 2653 1180Pucr,
445 2589 514 2638 tene
532 2579 633 2636 illum:
655 2595 754 2651 serva,
776 2580 863 2641 habe.
886 2598 942 2638 uec
963 2586 993 2636 te
1014 2587 1096 2638 statu

329 2666 499 2724 Demoveat
520 2663 648 2740 aliquis}
671 2671 719 2722 ast
737 2664 862 2721 inhaere
883 2665 953 2722 huic
974 2665 1125 2723 accidens.

328 2748 407 2823 Nec,
425 2770 453 2807 o·
464 2750 596 2822 sodales,
615 2768 672 2826 pro
694 2748 768 2808 viris
787 2749 974 2808 muliebriter

329 2836 392 2894 Vos
415 2834 524 2912 gerite:
546 2834 601 2893 sed
620 2834 732 2914 iuvate,
752 2835 848 2893 donec
870 2854 981 2894 venero

331 2919 491 3021 Tumglum
512 2919 582 2977 huic
601 2936 776 2993 procurans,
798 2921 899 2979 nullus
920 2920 953 2978 id
973 2920 1054 2980 sinat
1072 2918 1157 2978 licet.

666 3002 796 3081 Strcpbc
821 3006 893 3064 VH.

332 3089 386 3150 ch.
427 3088 661 3164 Reciprooifuga
681 3090 868 3167 temporibus
891 3098 975 3149 aetas

331 3174 554 3247 Numerosique
575 3172 713 3231 volumen
736 3175 816 3248 aevi,

332 3261 460 3337 Quando
482 3250 601 3316 desinet
619 3256 722 3315 miseri

332 3345 394 3405 Tot
413 3362 570 3405 aerumnas
592 3341 665 3400 belli

332 3429 429 3490 Nobis
449 3428 607 3507 duplicans

332 3515 477 3575 Residem
499 3514 537 3573 ad
558 3513 693 3585 Troiam,
716 3510 841 3570 Troiam
859 3512 991 3587 inquam,

332 3598 477 3659 Probrum
499 3599 703 3673 maculamque
723 3594 929 3657 Graecorum?

634 3683 826 3759 Antistrcpbu
850 3682 923 3741 VII.

334 3769 458 3833 Utinam
476 3768 655 3846 μω
671 3768 704 3827 in
722 3766 853 3828 aetheris
873 3785 946 3826 oras

385 3945 437 3998 ι*
