2884 4650
610 493 668 554 157

175 657 341 744 Χείρωνος
361 657 463 725 ἐλκος.
483 653 633 727 Κίνδυνος
650 661 777 806 πρῳρας
797 641 887 723 σελίς.

176 741 361 810 Χελιδόνιον
387 745 532 825 μουσεῖα.
553 740 699 806 ΘύουσΗ
733 741 808 804 στία.

177 827 293 894 Χιαστὶ
316 828 439 890 τιλλειν.
463 822 524 889 Τδν
546 828 616 912 περὶ
639 832 742 912 ψυχῆς
762 823 892 909 τρέχειν.

177 910 286 997 Χορδν
310 911 431 995 δίδωμι.
454 907 546 1058 Μέχα
567 913 595 974 τὶ
614 910 727 981 ἐσθλὸς
752 908 890 991 ἄγγελος.
1023 913 1024 916 ’

177 996 342 1082 Ψάρωνος
364 995 472 1079 ὄρνεις.
528 1017 611 1078 γγιον
634 997 753 1080 κνήμης
774 992 859 1074 γόνυ.

178 1079 383 1164 Ψευδύπυρα.
404 1077 537 1163 Μύρμηξ
556 1081 576 1163 ἡ
595 1081 745 1164 κάμηλος.
767 1075 851 1141 Ἶσον
873 1075 942 1160 ἴσῳ.

180 1164 313 1250 Ψύραθε
334 1163 388 1228 τὰν
410 1163 552 1248 Σπάρταν
576 1163 670 1246 ἄγειν.
692 1162 757 1245 Κέγ
782 1184 834 1247 ρον
857 1165 981 1245 τρυπᾷς.

178 1247 286 1314 Ὢθεῖν
312 1249 473 1333 δικράνοις.
492 1248 581 1312 Ἀλλ’
607 1250 679 1312 ἰδὼν
702 1249 771 1312 ἐπει
795 1246 883 1330 ύμην.

176 1332 234 1403 Ὣς
256 1334 323 1397 ἀντὶ
343 1333 469 1438 χορδῆς.
488 1329 728 1419 Ἐσκιμαλίχθαι
750 1355 783 1395 σε
807 1332 863 1395 δεῖ.

178 1416 236 1488 Ὡς
259 1419 292 1482 ἐν
316 1439 487 1502 κατοπτρῳ.
510 1415 614 1503 Μέχρι
634 1425 696 1481 τῶν
719 1417 918 1502 ἀμφωτίδων.

505 1503 565 1565 ἀπὸ
586 1526 602 1564 τ
622 1507 768 1588 οχαϊκῶν.

180 1581 224 1652 ‘A
245 1587 282 1649 δέ
300 1590 369 1671 χεῖρ
391 1584 444 1648 τὰν
464 1589 557 1670 χεῖρα
579 1591 663 1659 νιζει.
687 1587 740 1656 δύς
762 1610 800 1663 τι,
822 1584 876 1647 καί
895 1607 922 1646 τι
945 1582 1095 1667 λάμβανε.

182 1672 295 1737 Αίετδν
318 1666 445 1734 τίκτοντ’
467 1670 529 1752 ἐγώ
551 1693 586 1734 σε
606 1673 762 1754 κάνθαρος
783 1667 980 1753 μαιεύσομαι.

181 1755 284 1821 Ἀλλά
304 1753 338 1836 γ’
361 1758 404 1823 ὥς
423 1755 507 1838 ἥρως
528 1755 559 1818 ἐν
586 1756 690 1819 ἀσπίδι
711 1757 824 1826 Εενίσαι
847 1776 882 1816 σε
902 1752 1062 1838 βούλομαι.

180 1837 384 1924 ἈμφιδέΕιος
405 1838 462 1923 γὰρ
483 1839 559 1923 ἀνὴρ
581 1841 654 1924 εἰμὶ,
673 1839 705 1903 κ’
730 1841 790 1925 οὐχ
812 1838 987 1922 ἁμαρτάνω.

180 1923 291 2007 Ἀνδρὶ
310 1923 406 2009 Λυδιγῖ
422 1924 576 2007 πράγματ’
600 1924 656 1988 ούκ
679 1924 728 2008 ἧν.
754 1928 769 1989 ὁ
794 1924 822 1985 δ’
840 1923 939 1985 ἀπιὼν
959 1920 1096 2003 ἐπρίατο.

180 2006 308 2075 Ἀπαλὰ
330 2007 612 2091 θερμολουσίαισιν,
633 2009 714 2094 ἁβρὰ
739 2004 984 2092 μαλθακευνίαις.

181 2091 361 2174 Ἀπονέμου
386 2115 439 2175 μοι
454 2097 508 2175 τῆς
522 2094 650 2177 ἁμάξης.
672 2099 733 2157 τῶν
747 2093 775 2156 δ’
790 2091 868 2156 ὄνων
881 2089 919 2154 σύ
934 2112 987 2171 μοι
999 2086 1096 2171 μέλει.

182 2179 400 2264 Ἀρτιώτατος,
423 2177 526 2260 ὥσπερ
551 2178 582 2240 ἐν
603 2183 666 2247 τοῖς
683 2179 854 2262 ὀργάνοισιν
878 2175 897 2257 ἡ
923 2174 1031 2258 μαγάς.

131 2305 134 2311 -
182 2262 349 2349 Ἀσφαλὴς
369 2262 426 2347 γάρ
449 2261 510 2324 ἐστ’
536 2263 681 2347 ἀμείνων,
704 2264 724 2347 ἦ
745 2261 840 2348 ταχύς
862 2259 1079 2344 στρατηλάτης.

180 2347 367 2431 Ἀξιιύτερον
392 2346 546 2430 ταρίχους.
570 2346 654 2418 Βοῦς
675 2348 747 2411 ποτ’
771 2350 801 2411 ἐν
825 2346 938 2431 βοτάνη
964 2342 1047 2426 μένε.

80 2427 87 2492 ἰ
182 2433 349 2500 Βάσκανος
370 2432 421 2493 καὶ
445 2432 596 2516 δυσμενὴς
613 2432 778 2518 ὀφθαλμός
801 2432 864 2495 ἐστι
886 2428 1041 2511 γειτόνων.

182 2517 260 2586 Βίος
283 2516 335 2579 ὅδ’
360 2514 492 2600 ἰχθύων·
511 2519 528 2580 ὁ
555 2517 648 2599 μείων
671 2518 734 2580 ἐστι
756 2518 895 2601 μείζονος
914 2513 1024 2597 τροφή.

184 2599 339 2687 Βορβύρῳ
360 2602 459 2683 πηγὴν
480 2602 606 2684 μιαίνων
630 2600 746 2665 οὔποθ’
768 2602 909 2685 εὑρήσεις
924 2598 1035 2675 ποτόν.

182 2688 208 2753 Γ
212 2690 339 2770 αυριῶν,
362 2686 404 2753 ὡς
426 2684 454 2747 εἰ
470 2686 600 2749 καθεῖλε
621 2688 674 2771 τὴν
697 2688 729 2749 ἐν
747 2685 856 2769 Ἄργει
877 2683 1000 2748 ἀσπίδα.

183 2772 245 2837 Διὰ
268 2769 366 2853 μέσου
390 2770 441 2832 καὶ
464 2771 552 2853 λιμδς
575 2771 668 2855 ἐκρεῖ.
694 2773 746 2834 καὶ
769 2770 890 2855 μάλιστ’
915 2766 1097 2832 ἀπόλλυται.

185 2857 288 2920 Δοῦλε
310 2855 467 2917 δεσποτῶν
491 2854 586 2919 ἄκουε
608 2858 659 2919 καὶ
681 2857 783 2939 δίκαια
806 2853 925 2941 κᾷδικα.

184 2938 262 3004 Εἴθε
286 2938 426 3023 φαύλως,
447 2940 551 3024 ὥσπερ
575 2939 672 3025 εύρες,
694 2941 828 3027 ἐκβάλης
848 2941 901 3023 τὴν
925 2937 1055 3003 ἔνθεσιν.

183 3023 235 3095 Ἐς
255 3026 346 3091 κυνὸς
364 3025 462 3107 πυγὴν
488 3024 632 3108 ὁρᾷσθαι,
657 3028 709 3089 καὶ
729 3032 819 3133 τριῶν
842 3024 1023 3089 ἀλωπέκων.

180 3108 266 3174 Ἔστι
285 3112 346 3171 τῶν
369 3107 400 3169 ἐν
418 3113 462 3193 τῷ
483 3112 615 3195 μετώπῳ
636 3115 707 3174 νούν
732 3133 814 3195 εχειν
839 3108 1008 3173 εἰωθότων.

179 3192 334 3279 Ἐσχατος
354 3188 571 3275 Κροτωνιατᾶν
593 3200 707 3279 πράτος
734 3193 830 3263 ἄλλας
849 3191 1012 3257 Ἑλλάδος.

186 3278 320 3346 Εὐτελές
338 3276 396 3360 γὰρ
420 3278 541 3340 δεῖπνον
566 3278 656 3343 οὐδὲν
678 3279 804 3362 ἐμποιεῖ
822 3277 990 3361 παροινίαν.

177 3363 224 3430 Ἥ
244 3366 358 3445 λεοντη
381 3363 422 3445 μὴ
442 3362 588 3446 ’φίκηταη
618 3363 654 3427 σὺ
679 3364 714 3426 δέ
735 3358 909 3447 πρύσραπτ’
922 3360 1098 3440 ἀλωπεκῆν.

179 3448 224 3514 Ἢ
244 3449 367 3533 φρονεῖν
388 3445 531 3524 ἔλασσον,
551 3449 571 3532 ἢ
593 3452 696 3532 μεῖζον
722 3448 873 3510 δύνασθαι
897 3443 928 3506 σ’
951 3441 1075 3527 ἔπρεπε.

180 3532 239 3598 Ἢν
261 3533 296 3595 δέ
317 3529 397 3616 κηἰμέ
421 3534 616 3618 ζωπυρήσης,
635 3534 689 3615 τὴν
710 3532 726 3594 ἐ
750 3533 786 3615 ὴν
809 3530 842 3592 ύν
864 3527 1006 3612 λύσομαι.

180 3616 244 3688 ἪνΙ
262 3616 359 3721 τύχης
382 3616 524 3692 δικάζων,
545 3622 628 3701 κρῖνε
648 3619 702 3701 τὴν
726 3557 871 3699 λλριηνίην
896 3614 990 3697 δίκην.

189 3701 305 3767 Θᾶττον
330 3723 365 3763 αν
386 3723 429 3769 τις
452 3701 482 3765 ἐν
505 3703 605 3788 πλοίῳ
624 3704 727 3765 πεσὼν
748 3698 879 3783 ἁμάρτοι
904 3704 958 3763 τοῦ
986 3697 1088 3769 Εύλυυ.
