2884 4650
1515 489 1637 549 306

665 659 860 733 Quam
903 658 1404 735 opulentitatem?
1446 677 1688 735 nanque
1734 676 1849 736 ego
1889 657 1953 714 in
2000 664 2059 714 te
2102 663 2229 714 tota
2272 676 2435 717 sum.

528 741 634 797 520
669 743 764 805 Sit
801 750 860 801 et
898 744 1044 801 mihi
1083 751 1398 820 respectus
1447 744 1687 819 aliquis.
1736 763 1874 800 nam
1916 743 2117 800 bonos

665 831 970 890 Memores
1014 829 1230 906 prioris
1275 848 1415 888 esse
1458 829 1762 887 benefacti
1803 827 2084 884 addecet:

665 916 745 974 Et
786 915 981 992 gratia
1025 914 1148 972 alia
1185 914 1439 993 gratiam
1481 933 1722 991 semper
1764 912 1941 990 parit.

657 1000 736 1061 Si
784 1019 961 1075 quem
1007 999 1284 1059 beneficii
1327 1000 1599 1075 ceperint
1644 998 1893 1070 oblivia,

666 1084 815 1144 Non
861 1093 953 1144 est
992 1084 1154 1158 quod
1193 1083 1297 1142 ille
1340 1085 1511 1142 fortis
1555 1092 1658 1142 aut
1700 1085 1893 1142 bonus
1936 1081 2084 1138 fuat.

527 1168 629 1222 525
668 1169 777 1230 Ch.
861 1169 1130 1240 Utinam,
1175 1170 1263 1227 tui
1300 1177 1366 1225 ut
1410 1188 1507 1226 me
1550 1169 1818 1241 miseret,
1861 1167 2046 1239 Aiax,
2080 1174 2140 1223 te
2184 1182 2434 1241 quoque

663 1256 1012 1315 Misereret:
1054 1253 1232 1313 huius
1279 1255 1465 1312 verba
1510 1255 1813 1325 laudareS,
1863 1251 2013 1312 scio.

662 1341 761 1401 Ai.
848 1339 1035 1414 Atqui
1078 1337 1186 1395 illa
1225 1339 1398 1397 nobis
1446 1339 1675 1397 affatim
1710 1337 2073 1406 laudabitur,

665 1425 732 1486 si
779 1434 1021 1484 strenue
1062 1422 1222 1481 ausit
1264 1432 1477 1481 nostra
1517 1425 1803 1482 mandata
1849 1422 2085 1496 exequi.

663 1510 808 1568 Tec.
851 1510 1115 1580 Pax-ebo,
1158 1507 1240 1565 mi
1282 1509 1474 1567 Aiax:
1526 1518 1742 1569 cuncta
1782 1507 2127 1586 properabo
2170 1503 2420 1579 exequi.

524 1599 630 1653 530
665 1596 761 1654 Ai.
845 1596 1113 1653 Arcesse
1157 1612 1410 1668 puerum
1455 1613 1614 1652 nunc
1652 1595 1819 1667 mihi,
1862 1600 1929 1652 ut
1970 1591 2230 1671 yideam‚
2272 1607 2505 1647 meum.

665 1679 812 1737 Tec.
854 1677 1042 1753 Atqui
1085 1677 1254 1736 foras
1301 1679 1651 1752 eduxeram,
1703 1687 1977 1737 metuens
2028 1677 2103 1734 ei.

662 1765 759 1823 Ai.
847 1763 1008 1822 Dum
1055 1763 1404 1821 fluctuarem
1447 1765 1509 1822 in
1556 1765 1650 1824 his
1695 1765 1872 1822 malis
1918 1781 2049 1840 ego,
2095 1767 2199 1817 aut
2241 1758 2397 1816 ubi?

664 1849 809 1908 Tec.
853 1847 952 1907 Ne
998 1848 1231 1907 scilicet
1268 1849 1496 1925 periret
1538 1869 1788 1909 occursu
1833 1858 1957 1907 tuo.

662 1935 760 1993 Ai.
851 1935 988 1993 Hoc
1033 1934 1178 1991 defit
1219 1953 1401 1992 unum
1441 1954 1661 2012 nempe
1704 1935 1979 1993 fortunae
2020 1950 2217 1989 meae.

525 2023 628 2079 535
664 2020 810 2078 Tec.
852 2021 986 2098 Ego
1028 2019 1360 2077 vindicavi:
1404 2020 1569 2094 quod
1605 2020 1845 2094 quidem
1890 2015 2213 2077 suffecerit.

661 2106 758 2166 Ai.
847 2106 928 2163 Et
971 2105 1153 2162 laudo
1191 2104 1438 2177 factum,
1486 2113 1546 2162 et
1594 2105 2027 2181 perspicaciam
2074 2110 2255 2159 tuam.

662 2191 806 2249 Tec.
852 2189 975 2250 Sed
1018 2189 1161 2266 quid
1200 2189 1406 2247 iuvare
1454 2197 1511 2246 te
1556 2208 1772 2264 queam
1812 2191 1928 2248 hoc
1971 2189 2129 2245 facto
2172 2186 2360 2244 meo?

659 2277 757 2335 Ai.
845 2275 930 2335 Ut
970 2273 1194 2351 alloqui
1236 2274 1498 2352 possim,
1550 2283 1732 2351 utque
1775 2272 2201 2351 conspicarier.

661 2361 806 2419 Tec.
845 2360 1185 2419 Famularis
1232 2360 1406 2417 illum
1452 2369 1728 2420 asservat
1770 2361 1867 2419 hic
1913 2358 2206 2418 custodia.

524 2449 628 2503 540
660 2447 758 2506 Ai.
849 2445 972 2506 Sed
1014 2464 1168 2520 quae
1212 2464 1385 2503 mora
1428 2446 1559 2506 eius
1600 2446 1832 2505 distulit
1867 2439 2325 2522 praesentiam?

662 2532 807 2590 Tec.
852 2531 1023 2590 Heus
1065 2550 1237 2607 puer,
1283 2531 1603 2589 adesdum:
1644 2540 1701 2589 te
1747 2540 1923 2608 pater
1965 2536 2167 2588 vocat:
2210 2527 2376 2585 veni.

660 2615 819 2688 Huc,
865 2617 974 2688 sis,
1022 2635 1136 2693 age
1179 2616 1350 2673 illum
1397 2618 1670 2692 quisquis
1717 2636 1794 2675 ex
1839 2614 2084 2673 famulis
2130 2613 2317 2691 regis.

660 2701 758 2759 Ai.
847 2701 1107 2758 Venitne
1150 2702 1377 2773 iussus,
1423 2721 1579 2759 anne
1621 2703 1793 2761 iussa
1833 2699 2126 2778 negligit?

663 2785 807 2843 Tec.
848 2784 1133 2842 Producit
1172 2786 1341 2844 illum
1389 2786 1653 2845 famulus
1696 2789 1811 2845 huc
1857 2806 1935 2844 ex
1973 2802 2293 2863 proxumo.

523 2870 625 2925 545
660 2870 757 2930 Ai.
846 2873 999 2946 Age,
1045 2871 1160 2927 huc
1203 2890 1316 2948 age
1358 2872 1559 2930 illum:
1603 2894 1722 2931 non
1768 2873 1928 2929 enim
1972 2869 2392 2928 externabitur

592 2981 609 2994 ‘
663 2953 897 3032 Stragis
941 2962 1216 3012 recentes
1264 2957 1371 3015 hos
1419 2976 1665 3017 acervos
1703 2959 1969 3029 intuens,

662 3039 727 3101 Si
768 3039 1005 3115 quidem
1049 3039 1152 3096 ille
1195 3060 1336 3098 vero
1377 3051 1548 3117 patre
1585 3063 1679 3101 me
1722 3050 1891 3102 satus
1928 3043 2076 3100 fuat.

662 3125 783 3187 Sed
828 3145 960 3183 eum
1006 3126 1277 3201 paternis
1326 3126 1620 3187 institutis
1667 3128 1905 3206 asperis

659 3210 954 3270 Domitari
1001 3217 1263 3285 oportet:
1311 3219 1489 3285 atque
1536 3232 1737 3272 mores
1785 3209 2018 3287 exequi.

521 3294 627 3352 550
661 3297 718 3369 Q
759 3304 961 3375 gnate,
1008 3295 1252 3354 fortuna
1295 3303 1429 3354 esto
1474 3297 1787 3359 dissimilis
1830 3297 2011 3376 patri,

660 3385 777 3440 Ast
812 3382 934 3440 alia
978 3380 1191 3440 similis
1238 3381 1473 3442 omnia:
1516 3383 1603 3440 ita
1643 3384 1837 3443 malus
1880 3381 2040 3440 haud
2075 3380 2232 3438 fuas.

662 3461 1011 3540 Quanquam
1055 3466 1287 3522 tillir-um
1339 3466 1498 3525 istud
1539 3468 1655 3526 hoc
1701 3470 1928 3527 bonum
1967 3465 2211 3525 invideo
2260 3466 2396 3539 tibi,

662 3550 835 3622 Quod
883 3554 1003 3606 ista
1039 3554 1299 3610 nondum
1343 3553 1603 3630 percipis
1651 3572 1838 3614 sensu
1873 3553 2052 3611 mala.

660 3634 767 3694 Nil
815 3654 1027 3714 sapere
1071 3630 1295 3714 quippe
1351 3638 1471 3696 vita
1506 3638 1959 3699 iucundissuma
2004 3645 2131 3695 est:

357 3714 1023 3995 ²³3¹&ss
1071 3738 1339 3794 prorsus,
1385 3731 1480 3785 est
1519 3724 1741 3784 malum
1781 3742 1995 3784 carens
2035 3720 2219 3791 ma10,
